BID;Ask;spread;datetime;timestamp
1.09027;1.09027;0.00000;2023.04.04 00:00;1680566400
1.09017;1.09017;0.00000;2023.04.04 00:01;1680566500
1.09007;1.09007;0.00000;2023.04.04 00:01;1680566501
1.09017;1.09017;0.00000;2023.04.04 00:05;1680566700
1.09020;1.09020;0.00000;2023.04.04 00:05;1680566737
1.09019;1.09019;0.00000;2023.04.04 00:05;1680566750
1.09020;1.09020;0.00000;2023.04.04 00:06;1680566775
1.09019;1.09019;0.00000;2023.04.04 00:06;1680566787
1.09018;1.09018;0.00000;2023.04.04 00:06;1680566800
1.09019;1.09019;0.00000;2023.04.04 00:07;1680566825
1.09018;1.09018;0.00000;2023.04.04 00:07;1680566837
1.09017;1.09017;0.00000;2023.04.04 00:07;1680566850
1.09018;1.09018;0.00000;2023.04.04 00:07;1680566862
1.09017;1.09017;0.00000;2023.04.04 00:07;1680566875
1.09015;1.09015;0.00000;2023.04.04 00:08;1680566900
1.09016;1.09016;0.00000;2023.04.04 00:08;1680566925
1.09015;1.09015;0.00000;2023.04.04 00:09;1680566950
1.09016;1.09016;0.00000;2023.04.04 00:10;1680567000
1.09014;1.09014;0.00000;2023.04.04 00:10;1680567033
1.09015;1.09015;0.00000;2023.04.04 00:10;1680567049
1.09014;1.09014;0.00000;2023.04.04 00:11;1680567066
1.09013;1.09013;0.00000;2023.04.04 00:11;1680567099
1.09015;1.09015;0.00000;2023.04.04 00:11;1680567115
1.09017;1.09017;0.00000;2023.04.04 00:12;1680567132
1.09016;1.09016;0.00000;2023.04.04 00:12;1680567165
1.09018;1.09018;0.00000;2023.04.04 00:13;1680567181
1.09019;1.09019;0.00000;2023.04.04 00:13;1680567198
1.09018;1.09018;0.00000;2023.04.04 00:13;1680567231
1.09020;1.09020;0.00000;2023.04.04 00:14;1680567247
1.09021;1.09021;0.00000;2023.04.04 00:14;1680567249
1.09019;1.09019;0.00000;2023.04.04 00:15;1680567300
1.09015;1.09015;0.00000;2023.04.04 00:15;1680567325
1.09016;1.09016;0.00000;2023.04.04 00:15;1680567350
1.09014;1.09014;0.00000;2023.04.04 00:16;1680567375
1.09016;1.09016;0.00000;2023.04.04 00:16;1680567387
1.09018;1.09018;0.00000;2023.04.04 00:16;1680567400
1.09017;1.09017;0.00000;2023.04.04 00:17;1680567425
1.09019;1.09019;0.00000;2023.04.04 00:17;1680567437
1.09021;1.09021;0.00000;2023.04.04 00:17;1680567450
1.09020;1.09020;0.00000;2023.04.04 00:17;1680567475
1.09022;1.09022;0.00000;2023.04.04 00:18;1680567487
1.09023;1.09023;0.00000;2023.04.04 00:18;1680567500
1.09021;1.09021;0.00000;2023.04.04 00:18;1680567525
1.09022;1.09022;0.00000;2023.04.04 00:19;1680567550
1.09021;1.09021;0.00000;2023.04.04 00:19;1680567551
1.09009;1.09009;0.00000;2023.04.04 00:20;1680567600
1.09018;1.09018;0.00000;2023.04.04 00:20;1680567616
1.09027;1.09027;0.00000;2023.04.04 00:20;1680567633
1.09026;1.09026;0.00000;2023.04.04 00:20;1680567644
1.09024;1.09024;0.00000;2023.04.04 00:20;1680567655
1.09023;1.09023;0.00000;2023.04.04 00:21;1680567666
1.09028;1.09028;0.00000;2023.04.04 00:21;1680567677
1.09032;1.09032;0.00000;2023.04.04 00:21;1680567688
1.09037;1.09037;0.00000;2023.04.04 00:21;1680567699
1.09036;1.09036;0.00000;2023.04.04 00:21;1680567710
1.09035;1.09035;0.00000;2023.04.04 00:22;1680567721
1.09034;1.09034;0.00000;2023.04.04 00:22;1680567732
1.09039;1.09039;0.00000;2023.04.04 00:22;1680567743
1.09043;1.09043;0.00000;2023.04.04 00:22;1680567754
1.09048;1.09048;0.00000;2023.04.04 00:22;1680567765
1.09046;1.09046;0.00000;2023.04.04 00:22;1680567776
1.09043;1.09043;0.00000;2023.04.04 00:23;1680567787
1.09041;1.09041;0.00000;2023.04.04 00:23;1680567798
1.09042;1.09042;0.00000;2023.04.04 00:23;1680567809
1.09043;1.09043;0.00000;2023.04.04 00:23;1680567820
1.09044;1.09044;0.00000;2023.04.04 00:23;1680567831
1.09041;1.09041;0.00000;2023.04.04 00:24;1680567842
1.09037;1.09037;0.00000;2023.04.04 00:24;1680567853
1.09039;1.09039;0.00000;2023.04.04 00:25;1680567912
1.09038;1.09038;0.00000;2023.04.04 00:25;1680567925
1.09037;1.09037;0.00000;2023.04.04 00:25;1680567937
1.09035;1.09035;0.00000;2023.04.04 00:25;1680567950
1.09038;1.09038;0.00000;2023.04.04 00:26;1680567962
1.09041;1.09041;0.00000;2023.04.04 00:26;1680567975
1.09035;1.09035;0.00000;2023.04.04 00:26;1680567987
1.09029;1.09029;0.00000;2023.04.04 00:26;1680568000
1.09031;1.09031;0.00000;2023.04.04 00:26;1680568012
1.09032;1.09032;0.00000;2023.04.04 00:27;1680568025
1.09026;1.09026;0.00000;2023.04.04 00:27;1680568037
1.09020;1.09020;0.00000;2023.04.04 00:27;1680568050
1.09022;1.09022;0.00000;2023.04.04 00:27;1680568062
1.09023;1.09023;0.00000;2023.04.04 00:27;1680568075
1.09016;1.09016;0.00000;2023.04.04 00:28;1680568087
1.09008;1.09008;0.00000;2023.04.04 00:28;1680568100
1.09011;1.09011;0.00000;2023.04.04 00:28;1680568112
1.09014;1.09014;0.00000;2023.04.04 00:28;1680568125
1.09013;1.09013;0.00000;2023.04.04 00:28;1680568137
1.09011;1.09011;0.00000;2023.04.04 00:29;1680568150
1.09016;1.09016;0.00000;2023.04.04 00:29;1680568162
1.09025;1.09025;0.00000;2023.04.04 00:29;1680568164
1.09025;1.09025;0.00000;2023.04.04 00:30;1680568200
1.09026;1.09026;0.00000;2023.04.04 00:30;1680568202
1.09027;1.09027;0.00000;2023.04.04 00:30;1680568205
1.09028;1.09028;0.00000;2023.04.04 00:30;1680568208
1.09029;1.09029;0.00000;2023.04.04 00:30;1680568211
1.09030;1.09030;0.00000;2023.04.04 00:30;1680568213
1.09031;1.09031;0.00000;2023.04.04 00:30;1680568216
1.09032;1.09032;0.00000;2023.04.04 00:30;1680568219
1.09033;1.09033;0.00000;2023.04.04 00:30;1680568222
1.09034;1.09034;0.00000;2023.04.04 00:30;1680568225
1.09033;1.09033;0.00000;2023.04.04 00:30;1680568227
1.09034;1.09034;0.00000;2023.04.04 00:30;1680568230
1.09033;1.09033;0.00000;2023.04.04 00:30;1680568233
1.09034;1.09034;0.00000;2023.04.04 00:30;1680568236
1.09032;1.09032;0.00000;2023.04.04 00:30;1680568238
1.09033;1.09033;0.00000;2023.04.04 00:30;1680568241
1.09032;1.09032;0.00000;2023.04.04 00:30;1680568244
1.09033;1.09033;0.00000;2023.04.04 00:30;1680568247
1.09032;1.09032;0.00000;2023.04.04 00:30;1680568250
1.09033;1.09033;0.00000;2023.04.04 00:30;1680568252
1.09032;1.09032;0.00000;2023.04.04 00:30;1680568255
1.09034;1.09034;0.00000;2023.04.04 00:30;1680568257
1.09033;1.09033;0.00000;2023.04.04 00:31;1680568260
1.09035;1.09035;0.00000;2023.04.04 00:31;1680568262
1.09034;1.09034;0.00000;2023.04.04 00:31;1680568265
1.09035;1.09035;0.00000;2023.04.04 00:31;1680568270
1.09036;1.09036;0.00000;2023.04.04 00:31;1680568275
1.09035;1.09035;0.00000;2023.04.04 00:31;1680568277
1.09034;1.09034;0.00000;2023.04.04 00:31;1680568280
1.09033;1.09033;0.00000;2023.04.04 00:31;1680568283
1.09032;1.09032;0.00000;2023.04.04 00:31;1680568286
1.09031;1.09031;0.00000;2023.04.04 00:31;1680568288
1.09030;1.09030;0.00000;2023.04.04 00:31;1680568291
1.09029;1.09029;0.00000;2023.04.04 00:31;1680568294
1.09028;1.09028;0.00000;2023.04.04 00:31;1680568297
1.09027;1.09027;0.00000;2023.04.04 00:31;1680568300
1.09028;1.09028;0.00000;2023.04.04 00:31;1680568302
1.09027;1.09027;0.00000;2023.04.04 00:31;1680568305
1.09028;1.09028;0.00000;2023.04.04 00:31;1680568307
1.09027;1.09027;0.00000;2023.04.04 00:31;1680568310
1.09029;1.09029;0.00000;2023.04.04 00:31;1680568312
1.09028;1.09028;0.00000;2023.04.04 00:31;1680568315
1.09029;1.09029;0.00000;2023.04.04 00:31;1680568317
1.09028;1.09028;0.00000;2023.04.04 00:32;1680568320
1.09029;1.09029;0.00000;2023.04.04 00:32;1680568325
1.09028;1.09028;0.00000;2023.04.04 00:32;1680568327
1.09027;1.09027;0.00000;2023.04.04 00:32;1680568330
1.09026;1.09026;0.00000;2023.04.04 00:32;1680568333
1.09025;1.09025;0.00000;2023.04.04 00:32;1680568338
1.09024;1.09024;0.00000;2023.04.04 00:32;1680568341
1.09023;1.09023;0.00000;2023.04.04 00:32;1680568344
1.09022;1.09022;0.00000;2023.04.04 00:32;1680568347
1.09021;1.09021;0.00000;2023.04.04 00:32;1680568350
1.09022;1.09022;0.00000;2023.04.04 00:32;1680568352
1.09021;1.09021;0.00000;2023.04.04 00:32;1680568355
1.09022;1.09022;0.00000;2023.04.04 00:32;1680568358
1.09021;1.09021;0.00000;2023.04.04 00:32;1680568361
1.09023;1.09023;0.00000;2023.04.04 00:32;1680568363
1.09022;1.09022;0.00000;2023.04.04 00:32;1680568366
1.09023;1.09023;0.00000;2023.04.04 00:32;1680568369
1.09022;1.09022;0.00000;2023.04.04 00:32;1680568372
1.09023;1.09023;0.00000;2023.04.04 00:32;1680568375
1.09022;1.09022;0.00000;2023.04.04 00:32;1680568377
1.09021;1.09021;0.00000;2023.04.04 00:33;1680568380
1.09020;1.09020;0.00000;2023.04.04 00:33;1680568382
1.09019;1.09019;0.00000;2023.04.04 00:33;1680568385
1.09018;1.09018;0.00000;2023.04.04 00:33;1680568387
1.09016;1.09016;0.00000;2023.04.04 00:33;1680568390
1.09015;1.09015;0.00000;2023.04.04 00:33;1680568392
1.09014;1.09014;0.00000;2023.04.04 00:33;1680568395
1.09013;1.09013;0.00000;2023.04.04 00:33;1680568397
1.09012;1.09012;0.00000;2023.04.04 00:33;1680568400
1.09013;1.09013;0.00000;2023.04.04 00:33;1680568402
1.09012;1.09012;0.00000;2023.04.04 00:33;1680568405
1.09014;1.09014;0.00000;2023.04.04 00:33;1680568408
1.09013;1.09013;0.00000;2023.04.04 00:33;1680568411
1.09015;1.09015;0.00000;2023.04.04 00:33;1680568413
1.09014;1.09014;0.00000;2023.04.04 00:33;1680568416
1.09016;1.09016;0.00000;2023.04.04 00:33;1680568419
1.09015;1.09015;0.00000;2023.04.04 00:33;1680568422
1.09016;1.09016;0.00000;2023.04.04 00:33;1680568425
1.09015;1.09015;0.00000;2023.04.04 00:33;1680568427
1.09016;1.09016;0.00000;2023.04.04 00:33;1680568430
1.09015;1.09015;0.00000;2023.04.04 00:33;1680568432
1.09016;1.09016;0.00000;2023.04.04 00:33;1680568435
1.09014;1.09014;0.00000;2023.04.04 00:33;1680568437
1.09015;1.09015;0.00000;2023.04.04 00:34;1680568440
1.09014;1.09014;0.00000;2023.04.04 00:34;1680568442
1.09015;1.09015;0.00000;2023.04.04 00:34;1680568445
1.09014;1.09014;0.00000;2023.04.04 00:34;1680568450
1.09015;1.09015;0.00000;2023.04.04 00:34;1680568452
1.09016;1.09016;0.00000;2023.04.04 00:34;1680568458
1.09017;1.09017;0.00000;2023.04.04 00:34;1680568461
1.09018;1.09018;0.00000;2023.04.04 00:34;1680568463
1.09019;1.09019;0.00000;2023.04.04 00:34;1680568469
1.09020;1.09020;0.00000;2023.04.04 00:34;1680568472
1.09018;1.09018;0.00000;2023.04.04 00:34;1680568473
1.09015;1.09015;0.00000;2023.04.04 00:35;1680568500
1.09014;1.09014;0.00000;2023.04.04 00:35;1680568506
1.09013;1.09013;0.00000;2023.04.04 00:35;1680568513
1.09012;1.09012;0.00000;2023.04.04 00:35;1680568519
1.09011;1.09011;0.00000;2023.04.04 00:35;1680568526
1.09010;1.09010;0.00000;2023.04.04 00:35;1680568533
1.09011;1.09011;0.00000;2023.04.04 00:35;1680568538
1.09010;1.09010;0.00000;2023.04.04 00:35;1680568544
1.09011;1.09011;0.00000;2023.04.04 00:35;1680568549
1.09010;1.09010;0.00000;2023.04.04 00:35;1680568555
1.09011;1.09011;0.00000;2023.04.04 00:36;1680568566
1.09010;1.09010;0.00000;2023.04.04 00:36;1680568577
1.09009;1.09009;0.00000;2023.04.04 00:36;1680568582
1.09008;1.09008;0.00000;2023.04.04 00:36;1680568593
1.09007;1.09007;0.00000;2023.04.04 00:36;1680568599
1.09008;1.09008;0.00000;2023.04.04 00:36;1680568604
1.09007;1.09007;0.00000;2023.04.04 00:36;1680568610
1.09008;1.09008;0.00000;2023.04.04 00:36;1680568615
1.09007;1.09007;0.00000;2023.04.04 00:37;1680568621
1.09008;1.09008;0.00000;2023.04.04 00:37;1680568632
1.09007;1.09007;0.00000;2023.04.04 00:37;1680568637
1.09006;1.09006;0.00000;2023.04.04 00:37;1680568643
1.09005;1.09005;0.00000;2023.04.04 00:37;1680568648
1.09004;1.09004;0.00000;2023.04.04 00:37;1680568654
1.09003;1.09003;0.00000;2023.04.04 00:37;1680568659
1.09002;1.09002;0.00000;2023.04.04 00:37;1680568665
1.09003;1.09003;0.00000;2023.04.04 00:37;1680568670
1.09002;1.09002;0.00000;2023.04.04 00:37;1680568676
1.09004;1.09004;0.00000;2023.04.04 00:38;1680568681
1.09003;1.09003;0.00000;2023.04.04 00:38;1680568687
1.09004;1.09004;0.00000;2023.04.04 00:38;1680568698
1.09003;1.09003;0.00000;2023.04.04 00:38;1680568703
1.09004;1.09004;0.00000;2023.04.04 00:38;1680568709
1.09003;1.09003;0.00000;2023.04.04 00:38;1680568714
1.09004;1.09004;0.00000;2023.04.04 00:38;1680568720
1.09003;1.09003;0.00000;2023.04.04 00:38;1680568731
1.09004;1.09004;0.00000;2023.04.04 00:39;1680568742
1.09005;1.09005;0.00000;2023.04.04 00:39;1680568747
1.09006;1.09006;0.00000;2023.04.04 00:39;1680568758
1.09004;1.09004;0.00000;2023.04.04 00:39;1680568759
1.09003;1.09003;0.00000;2023.04.04 00:40;1680568800
1.09005;1.09005;0.00000;2023.04.04 00:40;1680568816
1.09006;1.09006;0.00000;2023.04.04 00:40;1680568833
1.09005;1.09005;0.00000;2023.04.04 00:40;1680568844
1.09006;1.09006;0.00000;2023.04.04 00:40;1680568855
1.09005;1.09005;0.00000;2023.04.04 00:41;1680568866
1.09006;1.09006;0.00000;2023.04.04 00:41;1680568877
1.09005;1.09005;0.00000;2023.04.04 00:41;1680568888
1.09006;1.09006;0.00000;2023.04.04 00:41;1680568899
1.09005;1.09005;0.00000;2023.04.04 00:41;1680568910
1.09006;1.09006;0.00000;2023.04.04 00:42;1680568921
1.09005;1.09005;0.00000;2023.04.04 00:42;1680568932
1.09006;1.09006;0.00000;2023.04.04 00:42;1680568948
1.09005;1.09005;0.00000;2023.04.04 00:42;1680568965
1.09004;1.09004;0.00000;2023.04.04 00:43;1680568987
1.09003;1.09003;0.00000;2023.04.04 00:43;1680568998
1.09004;1.09004;0.00000;2023.04.04 00:43;1680569009
1.09003;1.09003;0.00000;2023.04.04 00:43;1680569020
1.09004;1.09004;0.00000;2023.04.04 00:43;1680569031
1.09003;1.09003;0.00000;2023.04.04 00:44;1680569053
1.09002;1.09002;0.00000;2023.04.04 00:44;1680569055
1.09004;1.09004;0.00000;2023.04.04 00:45;1680569100
1.09003;1.09003;0.00000;2023.04.04 00:45;1680569111
1.09001;1.09001;0.00000;2023.04.04 00:45;1680569122
1.09000;1.09000;0.00000;2023.04.04 00:45;1680569133
1.09001;1.09001;0.00000;2023.04.04 00:45;1680569141
1.09000;1.09000;0.00000;2023.04.04 00:45;1680569149
1.09001;1.09001;0.00000;2023.04.04 00:46;1680569174
1.09000;1.09000;0.00000;2023.04.04 00:46;1680569190
1.08999;1.08999;0.00000;2023.04.04 00:46;1680569199
1.09001;1.09001;0.00000;2023.04.04 00:46;1680569210
1.09002;1.09002;0.00000;2023.04.04 00:47;1680569221
1.09004;1.09004;0.00000;2023.04.04 00:47;1680569232
1.09003;1.09003;0.00000;2023.04.04 00:47;1680569240
1.09004;1.09004;0.00000;2023.04.04 00:47;1680569248
1.09003;1.09003;0.00000;2023.04.04 00:47;1680569265
1.09004;1.09004;0.00000;2023.04.04 00:47;1680569273
1.09006;1.09006;0.00000;2023.04.04 00:48;1680569281
1.09007;1.09007;0.00000;2023.04.04 00:48;1680569289
1.09008;1.09008;0.00000;2023.04.04 00:48;1680569298
1.09007;1.09007;0.00000;2023.04.04 00:48;1680569309
1.09008;1.09008;0.00000;2023.04.04 00:48;1680569320
1.09007;1.09007;0.00000;2023.04.04 00:48;1680569331
1.09008;1.09008;0.00000;2023.04.04 00:48;1680569339
1.09009;1.09009;0.00000;2023.04.04 00:49;1680569347
1.09010;1.09010;0.00000;2023.04.04 00:49;1680569355
1.09011;1.09011;0.00000;2023.04.04 00:49;1680569356
1.09010;1.09010;0.00000;2023.04.04 00:50;1680569400
1.09013;1.09013;0.00000;2023.04.04 00:50;1680569412
1.09015;1.09015;0.00000;2023.04.04 00:50;1680569437
1.09014;1.09014;0.00000;2023.04.04 00:50;1680569450
1.09015;1.09015;0.00000;2023.04.04 00:51;1680569462
1.09016;1.09016;0.00000;2023.04.04 00:51;1680569475
1.09015;1.09015;0.00000;2023.04.04 00:51;1680569483
1.09013;1.09013;0.00000;2023.04.04 00:51;1680569491
1.09012;1.09012;0.00000;2023.04.04 00:51;1680569500
1.09013;1.09013;0.00000;2023.04.04 00:52;1680569525
1.09012;1.09012;0.00000;2023.04.04 00:52;1680569537
1.09010;1.09010;0.00000;2023.04.04 00:52;1680569550
1.09011;1.09011;0.00000;2023.04.04 00:52;1680569575
1.09009;1.09009;0.00000;2023.04.04 00:53;1680569583
1.09008;1.09008;0.00000;2023.04.04 00:53;1680569591
1.09006;1.09006;0.00000;2023.04.04 00:53;1680569600
1.09007;1.09007;0.00000;2023.04.04 00:53;1680569612
1.09008;1.09008;0.00000;2023.04.04 00:53;1680569637
1.09007;1.09007;0.00000;2023.04.04 00:54;1680569650
1.09009;1.09009;0.00000;2023.04.04 00:54;1680569663
1.09007;1.09007;0.00000;2023.04.04 00:55;1680569700
1.09008;1.09008;0.00000;2023.04.04 00:55;1680569706
1.09007;1.09007;0.00000;2023.04.04 00:55;1680569712
1.09008;1.09008;0.00000;2023.04.04 00:55;1680569725
1.09007;1.09007;0.00000;2023.04.04 00:55;1680569731
1.09008;1.09008;0.00000;2023.04.04 00:55;1680569737
1.09007;1.09007;0.00000;2023.04.04 00:55;1680569750
1.09008;1.09008;0.00000;2023.04.04 00:56;1680569762
1.09009;1.09009;0.00000;2023.04.04 00:56;1680569775
1.09008;1.09008;0.00000;2023.04.04 00:56;1680569781
1.09007;1.09007;0.00000;2023.04.04 00:56;1680569787
1.09006;1.09006;0.00000;2023.04.04 00:56;1680569793
1.09005;1.09005;0.00000;2023.04.04 00:56;1680569800
1.09006;1.09006;0.00000;2023.04.04 00:56;1680569806
1.09005;1.09005;0.00000;2023.04.04 00:56;1680569812
1.09006;1.09006;0.00000;2023.04.04 00:57;1680569825
1.09005;1.09005;0.00000;2023.04.04 00:57;1680569831
1.09004;1.09004;0.00000;2023.04.04 00:57;1680569837
1.09003;1.09003;0.00000;2023.04.04 00:57;1680569843
1.09002;1.09002;0.00000;2023.04.04 00:57;1680569850
1.09003;1.09003;0.00000;2023.04.04 00:57;1680569856
1.09002;1.09002;0.00000;2023.04.04 00:57;1680569862
1.09003;1.09003;0.00000;2023.04.04 00:57;1680569875
1.09002;1.09002;0.00000;2023.04.04 00:58;1680569881
1.09001;1.09001;0.00000;2023.04.04 00:58;1680569887
1.08999;1.08999;0.00000;2023.04.04 00:58;1680569893
1.08998;1.08998;0.00000;2023.04.04 00:58;1680569900
1.08999;1.08999;0.00000;2023.04.04 00:58;1680569912
1.09000;1.09000;0.00000;2023.04.04 00:58;1680569925
1.08999;1.08999;0.00000;2023.04.04 00:58;1680569931
1.09000;1.09000;0.00000;2023.04.04 00:58;1680569937
1.08999;1.08999;0.00000;2023.04.04 00:59;1680569950
1.09000;1.09000;0.00000;2023.04.04 00:59;1680569956
1.09001;1.09001;0.00000;2023.04.04 00:59;1680569968
1.09006;1.09006;0.00000;2023.04.04 00:59;1680569970
1.08998;1.08998;0.00000;2023.04.04 01:00;1680570000
1.09000;1.09000;0.00000;2023.04.04 01:00;1680570002
1.09001;1.09001;0.00000;2023.04.04 01:00;1680570004
1.09003;1.09003;0.00000;2023.04.04 01:00;1680570007
1.09004;1.09004;0.00000;2023.04.04 01:00;1680570009
1.09006;1.09006;0.00000;2023.04.04 01:00;1680570011
1.09007;1.09007;0.00000;2023.04.04 01:00;1680570014
1.09009;1.09009;0.00000;2023.04.04 01:00;1680570016
1.09010;1.09010;0.00000;2023.04.04 01:00;1680570018
1.09012;1.09012;0.00000;2023.04.04 01:00;1680570021
1.09013;1.09013;0.00000;2023.04.04 01:00;1680570023
1.09015;1.09015;0.00000;2023.04.04 01:00;1680570025
1.09016;1.09016;0.00000;2023.04.04 01:00;1680570028
1.09018;1.09018;0.00000;2023.04.04 01:00;1680570030
1.09019;1.09019;0.00000;2023.04.04 01:00;1680570033
1.09018;1.09018;0.00000;2023.04.04 01:00;1680570035
1.09019;1.09019;0.00000;2023.04.04 01:00;1680570037
1.09018;1.09018;0.00000;2023.04.04 01:00;1680570041
1.09017;1.09017;0.00000;2023.04.04 01:00;1680570044
1.09018;1.09018;0.00000;2023.04.04 01:00;1680570046
1.09017;1.09017;0.00000;2023.04.04 01:00;1680570050
1.09016;1.09016;0.00000;2023.04.04 01:00;1680570052
1.09017;1.09017;0.00000;2023.04.04 01:00;1680570055
1.09016;1.09016;0.00000;2023.04.04 01:00;1680570059
1.09015;1.09015;0.00000;2023.04.04 01:01;1680570061
1.09016;1.09016;0.00000;2023.04.04 01:01;1680570063
1.09015;1.09015;0.00000;2023.04.04 01:01;1680570066
1.09016;1.09016;0.00000;2023.04.04 01:01;1680570068
1.09017;1.09017;0.00000;2023.04.04 01:01;1680570070
1.09018;1.09018;0.00000;2023.04.04 01:01;1680570072
1.09019;1.09019;0.00000;2023.04.04 01:01;1680570074
1.09020;1.09020;0.00000;2023.04.04 01:01;1680570077
1.09021;1.09021;0.00000;2023.04.04 01:01;1680570079
1.09022;1.09022;0.00000;2023.04.04 01:01;1680570081
1.09024;1.09024;0.00000;2023.04.04 01:01;1680570083
1.09025;1.09025;0.00000;2023.04.04 01:01;1680570085
1.09026;1.09026;0.00000;2023.04.04 01:01;1680570088
1.09027;1.09027;0.00000;2023.04.04 01:01;1680570090
1.09028;1.09028;0.00000;2023.04.04 01:01;1680570092
1.09029;1.09029;0.00000;2023.04.04 01:01;1680570094
1.09030;1.09030;0.00000;2023.04.04 01:01;1680570096
1.09031;1.09031;0.00000;2023.04.04 01:01;1680570099
1.09030;1.09030;0.00000;2023.04.04 01:01;1680570101
1.09031;1.09031;0.00000;2023.04.04 01:01;1680570103
1.09030;1.09030;0.00000;2023.04.04 01:01;1680570107
1.09029;1.09029;0.00000;2023.04.04 01:01;1680570110
1.09030;1.09030;0.00000;2023.04.04 01:01;1680570112
1.09029;1.09029;0.00000;2023.04.04 01:01;1680570116
1.09028;1.09028;0.00000;2023.04.04 01:01;1680570118
1.09029;1.09029;0.00000;2023.04.04 01:02;1680570121
1.09028;1.09028;0.00000;2023.04.04 01:02;1680570125
1.09027;1.09027;0.00000;2023.04.04 01:02;1680570127
1.09028;1.09028;0.00000;2023.04.04 01:02;1680570129
1.09027;1.09027;0.00000;2023.04.04 01:02;1680570132
1.09028;1.09028;0.00000;2023.04.04 01:02;1680570134
1.09029;1.09029;0.00000;2023.04.04 01:02;1680570136
1.09030;1.09030;0.00000;2023.04.04 01:02;1680570138
1.09032;1.09032;0.00000;2023.04.04 01:02;1680570140
1.09033;1.09033;0.00000;2023.04.04 01:02;1680570143
1.09034;1.09034;0.00000;2023.04.04 01:02;1680570145
1.09035;1.09035;0.00000;2023.04.04 01:02;1680570147
1.09036;1.09036;0.00000;2023.04.04 01:02;1680570149
1.09037;1.09037;0.00000;2023.04.04 01:02;1680570151
1.09038;1.09038;0.00000;2023.04.04 01:02;1680570154
1.09039;1.09039;0.00000;2023.04.04 01:02;1680570156
1.09041;1.09041;0.00000;2023.04.04 01:02;1680570158
1.09042;1.09042;0.00000;2023.04.04 01:02;1680570160
1.09043;1.09043;0.00000;2023.04.04 01:02;1680570162
1.09044;1.09044;0.00000;2023.04.04 01:02;1680570165
1.09043;1.09043;0.00000;2023.04.04 01:02;1680570169
1.09042;1.09042;0.00000;2023.04.04 01:02;1680570173
1.09041;1.09041;0.00000;2023.04.04 01:02;1680570178
1.09040;1.09040;0.00000;2023.04.04 01:03;1680570182
1.09039;1.09039;0.00000;2023.04.04 01:03;1680570187
1.09038;1.09038;0.00000;2023.04.04 01:03;1680570191
1.09037;1.09037;0.00000;2023.04.04 01:03;1680570195
1.09036;1.09036;0.00000;2023.04.04 01:03;1680570198
1.09037;1.09037;0.00000;2023.04.04 01:03;1680570200
1.09036;1.09036;0.00000;2023.04.04 01:03;1680570202
1.09037;1.09037;0.00000;2023.04.04 01:03;1680570206
1.09038;1.09038;0.00000;2023.04.04 01:03;1680570209
1.09037;1.09037;0.00000;2023.04.04 01:03;1680570211
1.09038;1.09038;0.00000;2023.04.04 01:03;1680570215
1.09039;1.09039;0.00000;2023.04.04 01:03;1680570217
1.09038;1.09038;0.00000;2023.04.04 01:03;1680570220
1.09039;1.09039;0.00000;2023.04.04 01:03;1680570224
1.09040;1.09040;0.00000;2023.04.04 01:03;1680570226
1.09039;1.09039;0.00000;2023.04.04 01:03;1680570228
1.09040;1.09040;0.00000;2023.04.04 01:03;1680570231
1.09039;1.09039;0.00000;2023.04.04 01:03;1680570233
1.09038;1.09038;0.00000;2023.04.04 01:03;1680570235
1.09037;1.09037;0.00000;2023.04.04 01:03;1680570239
1.09036;1.09036;0.00000;2023.04.04 01:04;1680570242
1.09035;1.09035;0.00000;2023.04.04 01:04;1680570244
1.09034;1.09034;0.00000;2023.04.04 01:04;1680570246
1.09033;1.09033;0.00000;2023.04.04 01:04;1680570248
1.09032;1.09032;0.00000;2023.04.04 01:04;1680570250
1.09031;1.09031;0.00000;2023.04.04 01:04;1680570253
1.09030;1.09030;0.00000;2023.04.04 01:04;1680570257
1.09029;1.09029;0.00000;2023.04.04 01:04;1680570259
1.09028;1.09028;0.00000;2023.04.04 01:04;1680570261
1.09040;1.09040;0.00000;2023.04.04 01:04;1680570262
1.09038;1.09038;0.00000;2023.04.04 01:05;1680570300
1.09037;1.09037;0.00000;2023.04.04 01:05;1680570305
1.09038;1.09038;0.00000;2023.04.04 01:05;1680570310
1.09037;1.09037;0.00000;2023.04.04 01:05;1680570315
1.09038;1.09038;0.00000;2023.04.04 01:05;1680570320
1.09037;1.09037;0.00000;2023.04.04 01:05;1680570325
1.09038;1.09038;0.00000;2023.04.04 01:05;1680570330
1.09037;1.09037;0.00000;2023.04.04 01:05;1680570335
1.09038;1.09038;0.00000;2023.04.04 01:05;1680570340
1.09037;1.09037;0.00000;2023.04.04 01:05;1680570345
1.09038;1.09038;0.00000;2023.04.04 01:05;1680570350
1.09037;1.09037;0.00000;2023.04.04 01:05;1680570355
1.09038;1.09038;0.00000;2023.04.04 01:06;1680570360
1.09036;1.09036;0.00000;2023.04.04 01:06;1680570365
1.09037;1.09037;0.00000;2023.04.04 01:06;1680570370
1.09036;1.09036;0.00000;2023.04.04 01:06;1680570375
1.09037;1.09037;0.00000;2023.04.04 01:06;1680570380
1.09038;1.09038;0.00000;2023.04.04 01:06;1680570385
1.09039;1.09039;0.00000;2023.04.04 01:06;1680570390
1.09040;1.09040;0.00000;2023.04.04 01:06;1680570395
1.09041;1.09041;0.00000;2023.04.04 01:06;1680570400
1.09040;1.09040;0.00000;2023.04.04 01:06;1680570405
1.09041;1.09041;0.00000;2023.04.04 01:06;1680570410
1.09040;1.09040;0.00000;2023.04.04 01:06;1680570415
1.09041;1.09041;0.00000;2023.04.04 01:07;1680570420
1.09040;1.09040;0.00000;2023.04.04 01:07;1680570425
1.09041;1.09041;0.00000;2023.04.04 01:07;1680570430
1.09042;1.09042;0.00000;2023.04.04 01:07;1680570435
1.09043;1.09043;0.00000;2023.04.04 01:07;1680570440
1.09044;1.09044;0.00000;2023.04.04 01:07;1680570445
1.09045;1.09045;0.00000;2023.04.04 01:07;1680570450
1.09044;1.09044;0.00000;2023.04.04 01:07;1680570455
1.09045;1.09045;0.00000;2023.04.04 01:07;1680570460
1.09044;1.09044;0.00000;2023.04.04 01:07;1680570465
1.09045;1.09045;0.00000;2023.04.04 01:07;1680570470
1.09044;1.09044;0.00000;2023.04.04 01:07;1680570475
1.09045;1.09045;0.00000;2023.04.04 01:08;1680570480
1.09046;1.09046;0.00000;2023.04.04 01:08;1680570490
1.09047;1.09047;0.00000;2023.04.04 01:08;1680570495
1.09048;1.09048;0.00000;2023.04.04 01:08;1680570500
1.09047;1.09047;0.00000;2023.04.04 01:08;1680570505
1.09048;1.09048;0.00000;2023.04.04 01:08;1680570510
1.09046;1.09046;0.00000;2023.04.04 01:08;1680570515
1.09047;1.09047;0.00000;2023.04.04 01:08;1680570520
1.09046;1.09046;0.00000;2023.04.04 01:08;1680570525
1.09047;1.09047;0.00000;2023.04.04 01:08;1680570530
1.09046;1.09046;0.00000;2023.04.04 01:08;1680570535
1.09047;1.09047;0.00000;2023.04.04 01:09;1680570540
1.09046;1.09046;0.00000;2023.04.04 01:09;1680570545
1.09047;1.09047;0.00000;2023.04.04 01:09;1680570550
1.09046;1.09046;0.00000;2023.04.04 01:09;1680570560
1.09045;1.09045;0.00000;2023.04.04 01:09;1680570570
1.09043;1.09043;0.00000;2023.04.04 01:09;1680570571
1.09042;1.09042;0.00000;2023.04.04 01:10;1680570600
1.09041;1.09041;0.00000;2023.04.04 01:10;1680570604
1.09040;1.09040;0.00000;2023.04.04 01:10;1680570612
1.09039;1.09039;0.00000;2023.04.04 01:10;1680570616
1.09038;1.09038;0.00000;2023.04.04 01:10;1680570620
1.09037;1.09037;0.00000;2023.04.04 01:10;1680570625
1.09038;1.09038;0.00000;2023.04.04 01:10;1680570628
1.09037;1.09037;0.00000;2023.04.04 01:10;1680570632
1.09038;1.09038;0.00000;2023.04.04 01:10;1680570639
1.09039;1.09039;0.00000;2023.04.04 01:10;1680570642
1.09038;1.09038;0.00000;2023.04.04 01:10;1680570646
1.09039;1.09039;0.00000;2023.04.04 01:10;1680570650
1.09038;1.09038;0.00000;2023.04.04 01:10;1680570653
1.09039;1.09039;0.00000;2023.04.04 01:10;1680570657
1.09037;1.09037;0.00000;2023.04.04 01:11;1680570660
1.09038;1.09038;0.00000;2023.04.04 01:11;1680570664
1.09036;1.09036;0.00000;2023.04.04 01:11;1680570667
1.09037;1.09037;0.00000;2023.04.04 01:11;1680570671
1.09036;1.09036;0.00000;2023.04.04 01:11;1680570675
1.09037;1.09037;0.00000;2023.04.04 01:11;1680570678
1.09038;1.09038;0.00000;2023.04.04 01:11;1680570682
1.09039;1.09039;0.00000;2023.04.04 01:11;1680570685
1.09040;1.09040;0.00000;2023.04.04 01:11;1680570689
1.09041;1.09041;0.00000;2023.04.04 01:11;1680570692
1.09042;1.09042;0.00000;2023.04.04 01:11;1680570696
1.09043;1.09043;0.00000;2023.04.04 01:11;1680570700
1.09042;1.09042;0.00000;2023.04.04 01:11;1680570703
1.09043;1.09043;0.00000;2023.04.04 01:11;1680570707
1.09042;1.09042;0.00000;2023.04.04 01:11;1680570710
1.09043;1.09043;0.00000;2023.04.04 01:11;1680570714
1.09042;1.09042;0.00000;2023.04.04 01:11;1680570717
1.09043;1.09043;0.00000;2023.04.04 01:12;1680570721
1.09042;1.09042;0.00000;2023.04.04 01:12;1680570725
1.09043;1.09043;0.00000;2023.04.04 01:12;1680570728
1.09044;1.09044;0.00000;2023.04.04 01:12;1680570732
1.09045;1.09045;0.00000;2023.04.04 01:12;1680570739
1.09046;1.09046;0.00000;2023.04.04 01:12;1680570742
1.09047;1.09047;0.00000;2023.04.04 01:12;1680570746
1.09048;1.09048;0.00000;2023.04.04 01:12;1680570750
1.09047;1.09047;0.00000;2023.04.04 01:12;1680570753
1.09048;1.09048;0.00000;2023.04.04 01:12;1680570757
1.09047;1.09047;0.00000;2023.04.04 01:12;1680570764
1.09046;1.09046;0.00000;2023.04.04 01:12;1680570767
1.09047;1.09047;0.00000;2023.04.04 01:12;1680570771
1.09046;1.09046;0.00000;2023.04.04 01:12;1680570775
1.09047;1.09047;0.00000;2023.04.04 01:12;1680570778
1.09048;1.09048;0.00000;2023.04.04 01:13;1680570782
1.09049;1.09049;0.00000;2023.04.04 01:13;1680570789
1.09050;1.09050;0.00000;2023.04.04 01:13;1680570792
1.09051;1.09051;0.00000;2023.04.04 01:13;1680570796
1.09052;1.09052;0.00000;2023.04.04 01:13;1680570800
1.09051;1.09051;0.00000;2023.04.04 01:13;1680570803
1.09052;1.09052;0.00000;2023.04.04 01:13;1680570807
1.09050;1.09050;0.00000;2023.04.04 01:13;1680570810
1.09051;1.09051;0.00000;2023.04.04 01:13;1680570814
1.09049;1.09049;0.00000;2023.04.04 01:13;1680570817
1.09050;1.09050;0.00000;2023.04.04 01:13;1680570821
1.09049;1.09049;0.00000;2023.04.04 01:13;1680570825
1.09050;1.09050;0.00000;2023.04.04 01:13;1680570828
1.09049;1.09049;0.00000;2023.04.04 01:13;1680570832
1.09050;1.09050;0.00000;2023.04.04 01:13;1680570839
1.09051;1.09051;0.00000;2023.04.04 01:14;1680570842
1.09050;1.09050;0.00000;2023.04.04 01:14;1680570846
1.09051;1.09051;0.00000;2023.04.04 01:14;1680570850
1.09050;1.09050;0.00000;2023.04.04 01:14;1680570857
1.09049;1.09049;0.00000;2023.04.04 01:14;1680570860
1.09048;1.09048;0.00000;2023.04.04 01:14;1680570864
1.09047;1.09047;0.00000;2023.04.04 01:14;1680570871
1.09046;1.09046;0.00000;2023.04.04 01:14;1680570873
1.09048;1.09048;0.00000;2023.04.04 01:15;1680570900
1.09049;1.09049;0.00000;2023.04.04 01:15;1680570901
1.09048;1.09048;0.00000;2023.04.04 01:15;1680570903
1.09050;1.09050;0.00000;2023.04.04 01:15;1680570905
1.09049;1.09049;0.00000;2023.04.04 01:15;1680570907
1.09051;1.09051;0.00000;2023.04.04 01:15;1680570908
1.09050;1.09050;0.00000;2023.04.04 01:15;1680570910
1.09052;1.09052;0.00000;2023.04.04 01:15;1680570912
1.09051;1.09051;0.00000;2023.04.04 01:15;1680570914
1.09053;1.09053;0.00000;2023.04.04 01:15;1680570916
1.09052;1.09052;0.00000;2023.04.04 01:15;1680570917
1.09054;1.09054;0.00000;2023.04.04 01:15;1680570919
1.09053;1.09053;0.00000;2023.04.04 01:15;1680570921
1.09055;1.09055;0.00000;2023.04.04 01:15;1680570925
1.09054;1.09054;0.00000;2023.04.04 01:15;1680570926
1.09055;1.09055;0.00000;2023.04.04 01:15;1680570928
1.09054;1.09054;0.00000;2023.04.04 01:15;1680570930
1.09055;1.09055;0.00000;2023.04.04 01:15;1680570931
1.09054;1.09054;0.00000;2023.04.04 01:15;1680570933
1.09055;1.09055;0.00000;2023.04.04 01:15;1680570935
1.09054;1.09054;0.00000;2023.04.04 01:15;1680570936
1.09055;1.09055;0.00000;2023.04.04 01:15;1680570938
1.09054;1.09054;0.00000;2023.04.04 01:15;1680570940
1.09055;1.09055;0.00000;2023.04.04 01:15;1680570941
1.09054;1.09054;0.00000;2023.04.04 01:15;1680570943
1.09055;1.09055;0.00000;2023.04.04 01:15;1680570945
1.09054;1.09054;0.00000;2023.04.04 01:15;1680570946
1.09055;1.09055;0.00000;2023.04.04 01:15;1680570948
1.09054;1.09054;0.00000;2023.04.04 01:15;1680570950
1.09055;1.09055;0.00000;2023.04.04 01:15;1680570951
1.09054;1.09054;0.00000;2023.04.04 01:15;1680570953
1.09055;1.09055;0.00000;2023.04.04 01:15;1680570955
1.09054;1.09054;0.00000;2023.04.04 01:15;1680570956
1.09055;1.09055;0.00000;2023.04.04 01:16;1680570960
1.09056;1.09056;0.00000;2023.04.04 01:16;1680570961
1.09055;1.09055;0.00000;2023.04.04 01:16;1680570963
1.09056;1.09056;0.00000;2023.04.04 01:16;1680570965
1.09055;1.09055;0.00000;2023.04.04 01:16;1680570966
1.09057;1.09057;0.00000;2023.04.04 01:16;1680570968
1.09056;1.09056;0.00000;2023.04.04 01:16;1680570970
1.09057;1.09057;0.00000;2023.04.04 01:16;1680570971
1.09056;1.09056;0.00000;2023.04.04 01:16;1680570973
1.09057;1.09057;0.00000;2023.04.04 01:16;1680570975
1.09056;1.09056;0.00000;2023.04.04 01:16;1680570976
1.09057;1.09057;0.00000;2023.04.04 01:16;1680570978
1.09055;1.09055;0.00000;2023.04.04 01:16;1680570980
1.09056;1.09056;0.00000;2023.04.04 01:16;1680570981
1.09055;1.09055;0.00000;2023.04.04 01:16;1680570985
1.09054;1.09054;0.00000;2023.04.04 01:16;1680570988
1.09053;1.09053;0.00000;2023.04.04 01:16;1680570990
1.09054;1.09054;0.00000;2023.04.04 01:16;1680570991
1.09052;1.09052;0.00000;2023.04.04 01:16;1680570993
1.09053;1.09053;0.00000;2023.04.04 01:16;1680570995
1.09051;1.09051;0.00000;2023.04.04 01:16;1680570996
1.09052;1.09052;0.00000;2023.04.04 01:16;1680570998
1.09051;1.09051;0.00000;2023.04.04 01:16;1680571000
1.09052;1.09052;0.00000;2023.04.04 01:16;1680571001
1.09051;1.09051;0.00000;2023.04.04 01:16;1680571003
1.09052;1.09052;0.00000;2023.04.04 01:16;1680571005
1.09051;1.09051;0.00000;2023.04.04 01:16;1680571006
1.09052;1.09052;0.00000;2023.04.04 01:16;1680571008
1.09051;1.09051;0.00000;2023.04.04 01:16;1680571010
1.09052;1.09052;0.00000;2023.04.04 01:16;1680571011
1.09051;1.09051;0.00000;2023.04.04 01:16;1680571013
1.09052;1.09052;0.00000;2023.04.04 01:16;1680571015
1.09051;1.09051;0.00000;2023.04.04 01:16;1680571016
1.09052;1.09052;0.00000;2023.04.04 01:16;1680571018
1.09051;1.09051;0.00000;2023.04.04 01:17;1680571020
1.09052;1.09052;0.00000;2023.04.04 01:17;1680571021
1.09051;1.09051;0.00000;2023.04.04 01:17;1680571023
1.09052;1.09052;0.00000;2023.04.04 01:17;1680571025
1.09051;1.09051;0.00000;2023.04.04 01:17;1680571026
1.09052;1.09052;0.00000;2023.04.04 01:17;1680571028
1.09050;1.09050;0.00000;2023.04.04 01:17;1680571030
1.09051;1.09051;0.00000;2023.04.04 01:17;1680571031
1.09050;1.09050;0.00000;2023.04.04 01:17;1680571035
1.09049;1.09049;0.00000;2023.04.04 01:17;1680571038
1.09048;1.09048;0.00000;2023.04.04 01:17;1680571040
1.09049;1.09049;0.00000;2023.04.04 01:17;1680571041
1.09047;1.09047;0.00000;2023.04.04 01:17;1680571043
1.09048;1.09048;0.00000;2023.04.04 01:17;1680571045
1.09046;1.09046;0.00000;2023.04.04 01:17;1680571046
1.09047;1.09047;0.00000;2023.04.04 01:17;1680571048
1.09046;1.09046;0.00000;2023.04.04 01:17;1680571050
1.09047;1.09047;0.00000;2023.04.04 01:17;1680571051
1.09046;1.09046;0.00000;2023.04.04 01:17;1680571053
1.09047;1.09047;0.00000;2023.04.04 01:17;1680571055
1.09046;1.09046;0.00000;2023.04.04 01:17;1680571057
1.09047;1.09047;0.00000;2023.04.04 01:17;1680571058
1.09046;1.09046;0.00000;2023.04.04 01:17;1680571060
1.09048;1.09048;0.00000;2023.04.04 01:17;1680571062
1.09047;1.09047;0.00000;2023.04.04 01:17;1680571064
1.09048;1.09048;0.00000;2023.04.04 01:17;1680571066
1.09047;1.09047;0.00000;2023.04.04 01:17;1680571067
1.09048;1.09048;0.00000;2023.04.04 01:17;1680571069
1.09047;1.09047;0.00000;2023.04.04 01:17;1680571071
1.09048;1.09048;0.00000;2023.04.04 01:17;1680571075
1.09047;1.09047;0.00000;2023.04.04 01:17;1680571078
1.09046;1.09046;0.00000;2023.04.04 01:18;1680571081
1.09045;1.09045;0.00000;2023.04.04 01:18;1680571085
1.09044;1.09044;0.00000;2023.04.04 01:18;1680571088
1.09043;1.09043;0.00000;2023.04.04 01:18;1680571091
1.09042;1.09042;0.00000;2023.04.04 01:18;1680571095
1.09041;1.09041;0.00000;2023.04.04 01:18;1680571098
1.09040;1.09040;0.00000;2023.04.04 01:18;1680571100
1.09041;1.09041;0.00000;2023.04.04 01:18;1680571101
1.09040;1.09040;0.00000;2023.04.04 01:18;1680571103
1.09041;1.09041;0.00000;2023.04.04 01:18;1680571105
1.09040;1.09040;0.00000;2023.04.04 01:18;1680571106
1.09041;1.09041;0.00000;2023.04.04 01:18;1680571110
1.09042;1.09042;0.00000;2023.04.04 01:18;1680571111
1.09041;1.09041;0.00000;2023.04.04 01:18;1680571113
1.09042;1.09042;0.00000;2023.04.04 01:18;1680571115
1.09041;1.09041;0.00000;2023.04.04 01:18;1680571116
1.09043;1.09043;0.00000;2023.04.04 01:18;1680571118
1.09042;1.09042;0.00000;2023.04.04 01:18;1680571120
1.09043;1.09043;0.00000;2023.04.04 01:18;1680571121
1.09042;1.09042;0.00000;2023.04.04 01:18;1680571123
1.09043;1.09043;0.00000;2023.04.04 01:18;1680571125
1.09042;1.09042;0.00000;2023.04.04 01:18;1680571126
1.09043;1.09043;0.00000;2023.04.04 01:18;1680571128
1.09042;1.09042;0.00000;2023.04.04 01:18;1680571130
1.09043;1.09043;0.00000;2023.04.04 01:18;1680571131
1.09042;1.09042;0.00000;2023.04.04 01:18;1680571133
1.09043;1.09043;0.00000;2023.04.04 01:18;1680571135
1.09042;1.09042;0.00000;2023.04.04 01:18;1680571136
1.09043;1.09043;0.00000;2023.04.04 01:18;1680571138
1.09042;1.09042;0.00000;2023.04.04 01:19;1680571140
1.09043;1.09043;0.00000;2023.04.04 01:19;1680571141
1.09042;1.09042;0.00000;2023.04.04 01:19;1680571143
1.09043;1.09043;0.00000;2023.04.04 01:19;1680571145
1.09042;1.09042;0.00000;2023.04.04 01:19;1680571146
1.09043;1.09043;0.00000;2023.04.04 01:19;1680571148
1.09042;1.09042;0.00000;2023.04.04 01:19;1680571150
1.09043;1.09043;0.00000;2023.04.04 01:19;1680571151
1.09042;1.09042;0.00000;2023.04.04 01:19;1680571153
1.09043;1.09043;0.00000;2023.04.04 01:19;1680571156
1.09044;1.09044;0.00000;2023.04.04 01:19;1680571158
1.09043;1.09043;0.00000;2023.04.04 01:19;1680571160
1.09044;1.09044;0.00000;2023.04.04 01:19;1680571163
1.09045;1.09045;0.00000;2023.04.04 01:19;1680571165
1.09044;1.09044;0.00000;2023.04.04 01:19;1680571166
1.09045;1.09045;0.00000;2023.04.04 01:19;1680571170
1.09046;1.09046;0.00000;2023.04.04 01:19;1680571171
1.09045;1.09045;0.00000;2023.04.04 01:19;1680571173
1.09048;1.09048;0.00000;2023.04.04 01:19;1680571174
1.09050;1.09050;0.00000;2023.04.04 01:20;1680571200
1.09049;1.09049;0.00000;2023.04.04 01:20;1680571203
1.09050;1.09050;0.00000;2023.04.04 01:20;1680571206
1.09048;1.09048;0.00000;2023.04.04 01:20;1680571209
1.09049;1.09049;0.00000;2023.04.04 01:20;1680571212
1.09048;1.09048;0.00000;2023.04.04 01:20;1680571218
1.09047;1.09047;0.00000;2023.04.04 01:20;1680571221
1.09048;1.09048;0.00000;2023.04.04 01:20;1680571224
1.09046;1.09046;0.00000;2023.04.04 01:20;1680571227
1.09047;1.09047;0.00000;2023.04.04 01:20;1680571230
1.09046;1.09046;0.00000;2023.04.04 01:20;1680571233
1.09047;1.09047;0.00000;2023.04.04 01:20;1680571236
1.09046;1.09046;0.00000;2023.04.04 01:20;1680571239
1.09047;1.09047;0.00000;2023.04.04 01:20;1680571242
1.09046;1.09046;0.00000;2023.04.04 01:20;1680571245
1.09047;1.09047;0.00000;2023.04.04 01:20;1680571248
1.09046;1.09046;0.00000;2023.04.04 01:20;1680571251
1.09047;1.09047;0.00000;2023.04.04 01:20;1680571254
1.09046;1.09046;0.00000;2023.04.04 01:20;1680571257
1.09047;1.09047;0.00000;2023.04.04 01:21;1680571260
1.09046;1.09046;0.00000;2023.04.04 01:21;1680571263
1.09047;1.09047;0.00000;2023.04.04 01:21;1680571266
1.09046;1.09046;0.00000;2023.04.04 01:21;1680571268
1.09047;1.09047;0.00000;2023.04.04 01:21;1680571271
1.09045;1.09045;0.00000;2023.04.04 01:21;1680571274
1.09046;1.09046;0.00000;2023.04.04 01:21;1680571277
1.09045;1.09045;0.00000;2023.04.04 01:21;1680571282
1.09044;1.09044;0.00000;2023.04.04 01:21;1680571285
1.09045;1.09045;0.00000;2023.04.04 01:21;1680571288
1.09043;1.09043;0.00000;2023.04.04 01:21;1680571290
1.09044;1.09044;0.00000;2023.04.04 01:21;1680571293
1.09043;1.09043;0.00000;2023.04.04 01:21;1680571299
1.09044;1.09044;0.00000;2023.04.04 01:21;1680571302
1.09043;1.09043;0.00000;2023.04.04 01:21;1680571305
1.09044;1.09044;0.00000;2023.04.04 01:21;1680571308
1.09043;1.09043;0.00000;2023.04.04 01:21;1680571311
1.09044;1.09044;0.00000;2023.04.04 01:21;1680571314
1.09043;1.09043;0.00000;2023.04.04 01:21;1680571317
1.09044;1.09044;0.00000;2023.04.04 01:22;1680571320
1.09043;1.09043;0.00000;2023.04.04 01:22;1680571323
1.09044;1.09044;0.00000;2023.04.04 01:22;1680571326
1.09043;1.09043;0.00000;2023.04.04 01:22;1680571329
1.09044;1.09044;0.00000;2023.04.04 01:22;1680571332
1.09043;1.09043;0.00000;2023.04.04 01:22;1680571334
1.09044;1.09044;0.00000;2023.04.04 01:22;1680571337
1.09042;1.09042;0.00000;2023.04.04 01:22;1680571340
1.09043;1.09043;0.00000;2023.04.04 01:22;1680571343
1.09041;1.09041;0.00000;2023.04.04 01:22;1680571345
1.09042;1.09042;0.00000;2023.04.04 01:22;1680571348
1.09041;1.09041;0.00000;2023.04.04 01:22;1680571354
1.09040;1.09040;0.00000;2023.04.04 01:22;1680571359
1.09039;1.09039;0.00000;2023.04.04 01:22;1680571365
1.09040;1.09040;0.00000;2023.04.04 01:22;1680571368
1.09039;1.09039;0.00000;2023.04.04 01:22;1680571371
1.09040;1.09040;0.00000;2023.04.04 01:22;1680571374
1.09039;1.09039;0.00000;2023.04.04 01:22;1680571377
1.09040;1.09040;0.00000;2023.04.04 01:23;1680571383
1.09041;1.09041;0.00000;2023.04.04 01:23;1680571386
1.09040;1.09040;0.00000;2023.04.04 01:23;1680571389
1.09041;1.09041;0.00000;2023.04.04 01:23;1680571392
1.09040;1.09040;0.00000;2023.04.04 01:23;1680571395
1.09041;1.09041;0.00000;2023.04.04 01:23;1680571398
1.09040;1.09040;0.00000;2023.04.04 01:23;1680571400
1.09041;1.09041;0.00000;2023.04.04 01:23;1680571403
1.09040;1.09040;0.00000;2023.04.04 01:23;1680571406
1.09041;1.09041;0.00000;2023.04.04 01:23;1680571409
1.09040;1.09040;0.00000;2023.04.04 01:23;1680571411
1.09041;1.09041;0.00000;2023.04.04 01:23;1680571414
1.09040;1.09040;0.00000;2023.04.04 01:23;1680571417
1.09041;1.09041;0.00000;2023.04.04 01:23;1680571420
1.09040;1.09040;0.00000;2023.04.04 01:23;1680571422
1.09041;1.09041;0.00000;2023.04.04 01:23;1680571425
1.09040;1.09040;0.00000;2023.04.04 01:23;1680571431
1.09041;1.09041;0.00000;2023.04.04 01:23;1680571434
1.09040;1.09040;0.00000;2023.04.04 01:23;1680571437
1.09041;1.09041;0.00000;2023.04.04 01:24;1680571443
1.09042;1.09042;0.00000;2023.04.04 01:24;1680571446
1.09041;1.09041;0.00000;2023.04.04 01:24;1680571449
1.09042;1.09042;0.00000;2023.04.04 01:24;1680571455
1.09043;1.09043;0.00000;2023.04.04 01:24;1680571458
1.09042;1.09042;0.00000;2023.04.04 01:24;1680571461
1.09046;1.09046;0.00000;2023.04.04 01:25;1680571500
1.09047;1.09047;0.00000;2023.04.04 01:25;1680571503
1.09046;1.09046;0.00000;2023.04.04 01:25;1680571506
1.09048;1.09048;0.00000;2023.04.04 01:25;1680571509
1.09047;1.09047;0.00000;2023.04.04 01:25;1680571512
1.09048;1.09048;0.00000;2023.04.04 01:25;1680571518
1.09049;1.09049;0.00000;2023.04.04 01:25;1680571521
1.09048;1.09048;0.00000;2023.04.04 01:25;1680571524
1.09050;1.09050;0.00000;2023.04.04 01:25;1680571527
1.09049;1.09049;0.00000;2023.04.04 01:25;1680571530
1.09050;1.09050;0.00000;2023.04.04 01:25;1680571533
1.09051;1.09051;0.00000;2023.04.04 01:25;1680571536
1.09050;1.09050;0.00000;2023.04.04 01:25;1680571539
1.09051;1.09051;0.00000;2023.04.04 01:25;1680571542
1.09050;1.09050;0.00000;2023.04.04 01:25;1680571545
1.09051;1.09051;0.00000;2023.04.04 01:25;1680571548
1.09050;1.09050;0.00000;2023.04.04 01:25;1680571551
1.09051;1.09051;0.00000;2023.04.04 01:25;1680571554
1.09050;1.09050;0.00000;2023.04.04 01:25;1680571557
1.09051;1.09051;0.00000;2023.04.04 01:26;1680571560
1.09050;1.09050;0.00000;2023.04.04 01:26;1680571566
1.09051;1.09051;0.00000;2023.04.04 01:26;1680571568
1.09050;1.09050;0.00000;2023.04.04 01:26;1680571571
1.09051;1.09051;0.00000;2023.04.04 01:26;1680571574
1.09050;1.09050;0.00000;2023.04.04 01:26;1680571577
1.09051;1.09051;0.00000;2023.04.04 01:26;1680571579
1.09050;1.09050;0.00000;2023.04.04 01:26;1680571582
1.09051;1.09051;0.00000;2023.04.04 01:26;1680571585
1.09050;1.09050;0.00000;2023.04.04 01:26;1680571588
1.09051;1.09051;0.00000;2023.04.04 01:26;1680571590
1.09050;1.09050;0.00000;2023.04.04 01:26;1680571593
1.09051;1.09051;0.00000;2023.04.04 01:26;1680571599
1.09050;1.09050;0.00000;2023.04.04 01:26;1680571602
1.09051;1.09051;0.00000;2023.04.04 01:26;1680571605
1.09050;1.09050;0.00000;2023.04.04 01:26;1680571611
1.09049;1.09049;0.00000;2023.04.04 01:26;1680571614
1.09050;1.09050;0.00000;2023.04.04 01:26;1680571617
1.09049;1.09049;0.00000;2023.04.04 01:27;1680571623
1.09048;1.09048;0.00000;2023.04.04 01:27;1680571626
1.09049;1.09049;0.00000;2023.04.04 01:27;1680571629
1.09048;1.09048;0.00000;2023.04.04 01:27;1680571632
1.09049;1.09049;0.00000;2023.04.04 01:27;1680571635
1.09048;1.09048;0.00000;2023.04.04 01:27;1680571638
1.09049;1.09049;0.00000;2023.04.04 01:27;1680571641
1.09048;1.09048;0.00000;2023.04.04 01:27;1680571644
1.09049;1.09049;0.00000;2023.04.04 01:27;1680571647
1.09048;1.09048;0.00000;2023.04.04 01:27;1680571650
1.09049;1.09049;0.00000;2023.04.04 01:27;1680571653
1.09048;1.09048;0.00000;2023.04.04 01:27;1680571656
1.09049;1.09049;0.00000;2023.04.04 01:27;1680571659
1.09048;1.09048;0.00000;2023.04.04 01:27;1680571662
1.09049;1.09049;0.00000;2023.04.04 01:27;1680571665
1.09048;1.09048;0.00000;2023.04.04 01:27;1680571667
1.09049;1.09049;0.00000;2023.04.04 01:27;1680571670
1.09048;1.09048;0.00000;2023.04.04 01:27;1680571676
1.09047;1.09047;0.00000;2023.04.04 01:27;1680571678
1.09048;1.09048;0.00000;2023.04.04 01:28;1680571681
1.09047;1.09047;0.00000;2023.04.04 01:28;1680571687
1.09046;1.09046;0.00000;2023.04.04 01:28;1680571689
1.09047;1.09047;0.00000;2023.04.04 01:28;1680571692
1.09046;1.09046;0.00000;2023.04.04 01:28;1680571698
1.09047;1.09047;0.00000;2023.04.04 01:28;1680571701
1.09046;1.09046;0.00000;2023.04.04 01:28;1680571704
1.09047;1.09047;0.00000;2023.04.04 01:28;1680571707
1.09046;1.09046;0.00000;2023.04.04 01:28;1680571710
1.09047;1.09047;0.00000;2023.04.04 01:28;1680571713
1.09046;1.09046;0.00000;2023.04.04 01:28;1680571716
1.09047;1.09047;0.00000;2023.04.04 01:28;1680571719
1.09046;1.09046;0.00000;2023.04.04 01:28;1680571722
1.09047;1.09047;0.00000;2023.04.04 01:28;1680571725
1.09046;1.09046;0.00000;2023.04.04 01:28;1680571728
1.09047;1.09047;0.00000;2023.04.04 01:28;1680571731
1.09046;1.09046;0.00000;2023.04.04 01:28;1680571734
1.09047;1.09047;0.00000;2023.04.04 01:28;1680571737
1.09045;1.09045;0.00000;2023.04.04 01:29;1680571740
1.09046;1.09046;0.00000;2023.04.04 01:29;1680571743
1.09045;1.09045;0.00000;2023.04.04 01:29;1680571749
1.09044;1.09044;0.00000;2023.04.04 01:29;1680571752
1.09045;1.09045;0.00000;2023.04.04 01:29;1680571755
1.09043;1.09043;0.00000;2023.04.04 01:29;1680571758
1.09044;1.09044;0.00000;2023.04.04 01:29;1680571761
1.09043;1.09043;0.00000;2023.04.04 01:29;1680571763
1.09044;1.09044;0.00000;2023.04.04 01:30;1680571800
1.09045;1.09045;0.00000;2023.04.04 01:30;1680571802
1.09044;1.09044;0.00000;2023.04.04 01:30;1680571805
1.09046;1.09046;0.00000;2023.04.04 01:30;1680571808
1.09045;1.09045;0.00000;2023.04.04 01:30;1680571811
1.09046;1.09046;0.00000;2023.04.04 01:30;1680571816
1.09047;1.09047;0.00000;2023.04.04 01:30;1680571819
1.09046;1.09046;0.00000;2023.04.04 01:30;1680571822
1.09048;1.09048;0.00000;2023.04.04 01:30;1680571824
1.09047;1.09047;0.00000;2023.04.04 01:30;1680571827
1.09048;1.09048;0.00000;2023.04.04 01:30;1680571833
1.09049;1.09049;0.00000;2023.04.04 01:30;1680571835
1.09048;1.09048;0.00000;2023.04.04 01:30;1680571838
1.09049;1.09049;0.00000;2023.04.04 01:30;1680571840
1.09048;1.09048;0.00000;2023.04.04 01:30;1680571843
1.09049;1.09049;0.00000;2023.04.04 01:30;1680571845
1.09048;1.09048;0.00000;2023.04.04 01:30;1680571848
1.09049;1.09049;0.00000;2023.04.04 01:30;1680571850
1.09048;1.09048;0.00000;2023.04.04 01:30;1680571853
1.09049;1.09049;0.00000;2023.04.04 01:30;1680571855
1.09048;1.09048;0.00000;2023.04.04 01:30;1680571858
1.09049;1.09049;0.00000;2023.04.04 01:31;1680571860
1.09048;1.09048;0.00000;2023.04.04 01:31;1680571866
1.09049;1.09049;0.00000;2023.04.04 01:31;1680571868
1.09048;1.09048;0.00000;2023.04.04 01:31;1680571871
1.09049;1.09049;0.00000;2023.04.04 01:31;1680571874
1.09048;1.09048;0.00000;2023.04.04 01:31;1680571877
1.09049;1.09049;0.00000;2023.04.04 01:31;1680571879
1.09048;1.09048;0.00000;2023.04.04 01:31;1680571882
1.09049;1.09049;0.00000;2023.04.04 01:31;1680571885
1.09048;1.09048;0.00000;2023.04.04 01:31;1680571888
1.09049;1.09049;0.00000;2023.04.04 01:31;1680571890
1.09048;1.09048;0.00000;2023.04.04 01:31;1680571893
1.09049;1.09049;0.00000;2023.04.04 01:31;1680571899
1.09048;1.09048;0.00000;2023.04.04 01:31;1680571901
1.09049;1.09049;0.00000;2023.04.04 01:31;1680571904
1.09048;1.09048;0.00000;2023.04.04 01:31;1680571906
1.09049;1.09049;0.00000;2023.04.04 01:31;1680571909
1.09047;1.09047;0.00000;2023.04.04 01:31;1680571911
1.09048;1.09048;0.00000;2023.04.04 01:31;1680571914
1.09047;1.09047;0.00000;2023.04.04 01:31;1680571916
1.09048;1.09048;0.00000;2023.04.04 01:31;1680571919
1.09046;1.09046;0.00000;2023.04.04 01:32;1680571921
1.09047;1.09047;0.00000;2023.04.04 01:32;1680571924
1.09046;1.09046;0.00000;2023.04.04 01:32;1680571926
1.09047;1.09047;0.00000;2023.04.04 01:32;1680571929
1.09046;1.09046;0.00000;2023.04.04 01:32;1680571932
1.09047;1.09047;0.00000;2023.04.04 01:32;1680571934
1.09046;1.09046;0.00000;2023.04.04 01:32;1680571937
1.09047;1.09047;0.00000;2023.04.04 01:32;1680571940
1.09046;1.09046;0.00000;2023.04.04 01:32;1680571943
1.09047;1.09047;0.00000;2023.04.04 01:32;1680571945
1.09046;1.09046;0.00000;2023.04.04 01:32;1680571948
1.09047;1.09047;0.00000;2023.04.04 01:32;1680571951
1.09046;1.09046;0.00000;2023.04.04 01:32;1680571954
1.09047;1.09047;0.00000;2023.04.04 01:32;1680571956
1.09046;1.09046;0.00000;2023.04.04 01:32;1680571959
1.09047;1.09047;0.00000;2023.04.04 01:32;1680571965
1.09046;1.09046;0.00000;2023.04.04 01:32;1680571967
1.09047;1.09047;0.00000;2023.04.04 01:32;1680571970
1.09046;1.09046;0.00000;2023.04.04 01:32;1680571972
1.09047;1.09047;0.00000;2023.04.04 01:32;1680571975
1.09046;1.09046;0.00000;2023.04.04 01:32;1680571977
1.09047;1.09047;0.00000;2023.04.04 01:33;1680571980
1.09045;1.09045;0.00000;2023.04.04 01:33;1680571982
1.09046;1.09046;0.00000;2023.04.04 01:33;1680571985
1.09045;1.09045;0.00000;2023.04.04 01:33;1680571987
1.09046;1.09046;0.00000;2023.04.04 01:33;1680571990
1.09045;1.09045;0.00000;2023.04.04 01:33;1680571992
1.09046;1.09046;0.00000;2023.04.04 01:33;1680571995
1.09045;1.09045;0.00000;2023.04.04 01:33;1680571998
1.09046;1.09046;0.00000;2023.04.04 01:33;1680572000
1.09045;1.09045;0.00000;2023.04.04 01:33;1680572003
1.09046;1.09046;0.00000;2023.04.04 01:33;1680572006
1.09045;1.09045;0.00000;2023.04.04 01:33;1680572009
1.09046;1.09046;0.00000;2023.04.04 01:33;1680572011
1.09045;1.09045;0.00000;2023.04.04 01:33;1680572014
1.09046;1.09046;0.00000;2023.04.04 01:33;1680572017
1.09045;1.09045;0.00000;2023.04.04 01:33;1680572020
1.09046;1.09046;0.00000;2023.04.04 01:33;1680572022
1.09045;1.09045;0.00000;2023.04.04 01:33;1680572025
1.09046;1.09046;0.00000;2023.04.04 01:33;1680572028
1.09045;1.09045;0.00000;2023.04.04 01:33;1680572031
1.09044;1.09044;0.00000;2023.04.04 01:33;1680572033
1.09045;1.09045;0.00000;2023.04.04 01:33;1680572036
1.09044;1.09044;0.00000;2023.04.04 01:33;1680572038
1.09045;1.09045;0.00000;2023.04.04 01:34;1680572041
1.09043;1.09043;0.00000;2023.04.04 01:34;1680572043
1.09044;1.09044;0.00000;2023.04.04 01:34;1680572046
1.09043;1.09043;0.00000;2023.04.04 01:34;1680572048
1.09044;1.09044;0.00000;2023.04.04 01:34;1680572051
1.09042;1.09042;0.00000;2023.04.04 01:34;1680572053
1.09043;1.09043;0.00000;2023.04.04 01:34;1680572056
1.09042;1.09042;0.00000;2023.04.04 01:34;1680572058
1.09043;1.09043;0.00000;2023.04.04 01:34;1680572061
1.09042;1.09042;0.00000;2023.04.04 01:35;1680572100
1.09041;1.09041;0.00000;2023.04.04 01:35;1680572102
1.09042;1.09042;0.00000;2023.04.04 01:35;1680572104
1.09041;1.09041;0.00000;2023.04.04 01:35;1680572106
1.09042;1.09042;0.00000;2023.04.04 01:35;1680572108
1.09041;1.09041;0.00000;2023.04.04 01:35;1680572112
1.09040;1.09040;0.00000;2023.04.04 01:35;1680572114
1.09041;1.09041;0.00000;2023.04.04 01:35;1680572116
1.09040;1.09040;0.00000;2023.04.04 01:35;1680572118
1.09041;1.09041;0.00000;2023.04.04 01:35;1680572120
1.09039;1.09039;0.00000;2023.04.04 01:35;1680572122
1.09040;1.09040;0.00000;2023.04.04 01:35;1680572124
1.09039;1.09039;0.00000;2023.04.04 01:35;1680572126
1.09040;1.09040;0.00000;2023.04.04 01:35;1680572128
1.09039;1.09039;0.00000;2023.04.04 01:35;1680572133
1.09040;1.09040;0.00000;2023.04.04 01:35;1680572134
1.09039;1.09039;0.00000;2023.04.04 01:35;1680572136
1.09040;1.09040;0.00000;2023.04.04 01:35;1680572138
1.09039;1.09039;0.00000;2023.04.04 01:35;1680572140
1.09040;1.09040;0.00000;2023.04.04 01:35;1680572142
1.09039;1.09039;0.00000;2023.04.04 01:35;1680572144
1.09040;1.09040;0.00000;2023.04.04 01:35;1680572146
1.09039;1.09039;0.00000;2023.04.04 01:35;1680572148
1.09040;1.09040;0.00000;2023.04.04 01:35;1680572150
1.09039;1.09039;0.00000;2023.04.04 01:35;1680572152
1.09040;1.09040;0.00000;2023.04.04 01:35;1680572154
1.09039;1.09039;0.00000;2023.04.04 01:35;1680572156
1.09040;1.09040;0.00000;2023.04.04 01:35;1680572158
1.09039;1.09039;0.00000;2023.04.04 01:36;1680572160
1.09040;1.09040;0.00000;2023.04.04 01:36;1680572162
1.09039;1.09039;0.00000;2023.04.04 01:36;1680572164
1.09040;1.09040;0.00000;2023.04.04 01:36;1680572166
1.09039;1.09039;0.00000;2023.04.04 01:36;1680572168
1.09040;1.09040;0.00000;2023.04.04 01:36;1680572170
1.09039;1.09039;0.00000;2023.04.04 01:36;1680572174
1.09038;1.09038;0.00000;2023.04.04 01:36;1680572176
1.09039;1.09039;0.00000;2023.04.04 01:36;1680572178
1.09038;1.09038;0.00000;2023.04.04 01:36;1680572182
1.09037;1.09037;0.00000;2023.04.04 01:36;1680572184
1.09038;1.09038;0.00000;2023.04.04 01:36;1680572186
1.09037;1.09037;0.00000;2023.04.04 01:36;1680572190
1.09036;1.09036;0.00000;2023.04.04 01:36;1680572192
1.09037;1.09037;0.00000;2023.04.04 01:36;1680572194
1.09036;1.09036;0.00000;2023.04.04 01:36;1680572199
1.09037;1.09037;0.00000;2023.04.04 01:36;1680572200
1.09036;1.09036;0.00000;2023.04.04 01:36;1680572202
1.09037;1.09037;0.00000;2023.04.04 01:36;1680572204
1.09036;1.09036;0.00000;2023.04.04 01:36;1680572206
1.09037;1.09037;0.00000;2023.04.04 01:36;1680572208
1.09036;1.09036;0.00000;2023.04.04 01:36;1680572210
1.09037;1.09037;0.00000;2023.04.04 01:36;1680572212
1.09036;1.09036;0.00000;2023.04.04 01:36;1680572214
1.09037;1.09037;0.00000;2023.04.04 01:36;1680572216
1.09036;1.09036;0.00000;2023.04.04 01:36;1680572218
1.09037;1.09037;0.00000;2023.04.04 01:37;1680572220
1.09036;1.09036;0.00000;2023.04.04 01:37;1680572222
1.09037;1.09037;0.00000;2023.04.04 01:37;1680572224
1.09036;1.09036;0.00000;2023.04.04 01:37;1680572226
1.09037;1.09037;0.00000;2023.04.04 01:37;1680572228
1.09036;1.09036;0.00000;2023.04.04 01:37;1680572230
1.09037;1.09037;0.00000;2023.04.04 01:37;1680572232
1.09036;1.09036;0.00000;2023.04.04 01:37;1680572234
1.09037;1.09037;0.00000;2023.04.04 01:37;1680572236
1.09036;1.09036;0.00000;2023.04.04 01:37;1680572240
1.09035;1.09035;0.00000;2023.04.04 01:37;1680572242
1.09036;1.09036;0.00000;2023.04.04 01:37;1680572244
1.09035;1.09035;0.00000;2023.04.04 01:37;1680572248
1.09034;1.09034;0.00000;2023.04.04 01:37;1680572250
1.09035;1.09035;0.00000;2023.04.04 01:37;1680572252
1.09034;1.09034;0.00000;2023.04.04 01:37;1680572256
1.09033;1.09033;0.00000;2023.04.04 01:37;1680572258
1.09034;1.09034;0.00000;2023.04.04 01:37;1680572260
1.09033;1.09033;0.00000;2023.04.04 01:37;1680572265
1.09034;1.09034;0.00000;2023.04.04 01:37;1680572266
1.09033;1.09033;0.00000;2023.04.04 01:37;1680572268
1.09034;1.09034;0.00000;2023.04.04 01:37;1680572270
1.09033;1.09033;0.00000;2023.04.04 01:37;1680572272
1.09034;1.09034;0.00000;2023.04.04 01:37;1680572274
1.09033;1.09033;0.00000;2023.04.04 01:37;1680572276
1.09034;1.09034;0.00000;2023.04.04 01:37;1680572278
1.09033;1.09033;0.00000;2023.04.04 01:38;1680572280
1.09035;1.09035;0.00000;2023.04.04 01:38;1680572282
1.09034;1.09034;0.00000;2023.04.04 01:38;1680572284
1.09035;1.09035;0.00000;2023.04.04 01:38;1680572286
1.09034;1.09034;0.00000;2023.04.04 01:38;1680572288
1.09035;1.09035;0.00000;2023.04.04 01:38;1680572290
1.09034;1.09034;0.00000;2023.04.04 01:38;1680572292
1.09035;1.09035;0.00000;2023.04.04 01:38;1680572294
1.09034;1.09034;0.00000;2023.04.04 01:38;1680572296
1.09035;1.09035;0.00000;2023.04.04 01:38;1680572298
1.09034;1.09034;0.00000;2023.04.04 01:38;1680572300
1.09035;1.09035;0.00000;2023.04.04 01:38;1680572302
1.09034;1.09034;0.00000;2023.04.04 01:38;1680572304
1.09035;1.09035;0.00000;2023.04.04 01:38;1680572306
1.09034;1.09034;0.00000;2023.04.04 01:38;1680572308
1.09035;1.09035;0.00000;2023.04.04 01:38;1680572310
1.09034;1.09034;0.00000;2023.04.04 01:38;1680572312
1.09035;1.09035;0.00000;2023.04.04 01:38;1680572314
1.09034;1.09034;0.00000;2023.04.04 01:38;1680572316
1.09035;1.09035;0.00000;2023.04.04 01:38;1680572318
1.09034;1.09034;0.00000;2023.04.04 01:38;1680572320
1.09035;1.09035;0.00000;2023.04.04 01:38;1680572322
1.09034;1.09034;0.00000;2023.04.04 01:38;1680572324
1.09035;1.09035;0.00000;2023.04.04 01:38;1680572326
1.09034;1.09034;0.00000;2023.04.04 01:38;1680572331
1.09035;1.09035;0.00000;2023.04.04 01:38;1680572332
1.09034;1.09034;0.00000;2023.04.04 01:38;1680572334
1.09035;1.09035;0.00000;2023.04.04 01:38;1680572336
1.09034;1.09034;0.00000;2023.04.04 01:38;1680572338
1.09035;1.09035;0.00000;2023.04.04 01:39;1680572340
1.09034;1.09034;0.00000;2023.04.04 01:39;1680572342
1.09035;1.09035;0.00000;2023.04.04 01:39;1680572344
1.09034;1.09034;0.00000;2023.04.04 01:39;1680572346
1.09036;1.09036;0.00000;2023.04.04 01:39;1680572348
1.09035;1.09035;0.00000;2023.04.04 01:39;1680572350
1.09036;1.09036;0.00000;2023.04.04 01:39;1680572352
1.09035;1.09035;0.00000;2023.04.04 01:39;1680572354
1.09036;1.09036;0.00000;2023.04.04 01:39;1680572356
1.09035;1.09035;0.00000;2023.04.04 01:39;1680572358
1.09036;1.09036;0.00000;2023.04.04 01:39;1680572360
1.09035;1.09035;0.00000;2023.04.04 01:39;1680572362
1.09034;1.09034;0.00000;2023.04.04 01:39;1680572363
1.09037;1.09037;0.00000;2023.04.04 01:40;1680572400
1.09036;1.09036;0.00000;2023.04.04 01:40;1680572405
1.09037;1.09037;0.00000;2023.04.04 01:40;1680572410
1.09035;1.09035;0.00000;2023.04.04 01:40;1680572415
1.09036;1.09036;0.00000;2023.04.04 01:40;1680572420
1.09035;1.09035;0.00000;2023.04.04 01:40;1680572425
1.09036;1.09036;0.00000;2023.04.04 01:40;1680572429
1.09035;1.09035;0.00000;2023.04.04 01:40;1680572433
1.09036;1.09036;0.00000;2023.04.04 01:40;1680572437
1.09035;1.09035;0.00000;2023.04.04 01:40;1680572441
1.09036;1.09036;0.00000;2023.04.04 01:40;1680572450
1.09035;1.09035;0.00000;2023.04.04 01:40;1680572454
1.09036;1.09036;0.00000;2023.04.04 01:40;1680572458
1.09034;1.09034;0.00000;2023.04.04 01:41;1680572462
1.09035;1.09035;0.00000;2023.04.04 01:41;1680572466
1.09034;1.09034;0.00000;2023.04.04 01:41;1680572475
1.09035;1.09035;0.00000;2023.04.04 01:41;1680572479
1.09036;1.09036;0.00000;2023.04.04 01:41;1680572483
1.09037;1.09037;0.00000;2023.04.04 01:41;1680572491
1.09038;1.09038;0.00000;2023.04.04 01:41;1680572495
1.09039;1.09039;0.00000;2023.04.04 01:41;1680572500
1.09038;1.09038;0.00000;2023.04.04 01:41;1680572504
1.09039;1.09039;0.00000;2023.04.04 01:41;1680572508
1.09038;1.09038;0.00000;2023.04.04 01:41;1680572512
1.09039;1.09039;0.00000;2023.04.04 01:41;1680572516
1.09038;1.09038;0.00000;2023.04.04 01:42;1680572525
1.09039;1.09039;0.00000;2023.04.04 01:42;1680572533
1.09040;1.09040;0.00000;2023.04.04 01:42;1680572537
1.09041;1.09041;0.00000;2023.04.04 01:42;1680572545
1.09042;1.09042;0.00000;2023.04.04 01:42;1680572550
1.09041;1.09041;0.00000;2023.04.04 01:42;1680572555
1.09042;1.09042;0.00000;2023.04.04 01:42;1680572560
1.09041;1.09041;0.00000;2023.04.04 01:42;1680572565
1.09042;1.09042;0.00000;2023.04.04 01:42;1680572570
1.09041;1.09041;0.00000;2023.04.04 01:42;1680572575
1.09042;1.09042;0.00000;2023.04.04 01:43;1680572583
1.09043;1.09043;0.00000;2023.04.04 01:43;1680572587
1.09044;1.09044;0.00000;2023.04.04 01:43;1680572595
1.09045;1.09045;0.00000;2023.04.04 01:43;1680572600
1.09044;1.09044;0.00000;2023.04.04 01:43;1680572604
1.09045;1.09045;0.00000;2023.04.04 01:43;1680572608
1.09043;1.09043;0.00000;2023.04.04 01:43;1680572612
1.09044;1.09044;0.00000;2023.04.04 01:43;1680572616
1.09043;1.09043;0.00000;2023.04.04 01:43;1680572625
1.09044;1.09044;0.00000;2023.04.04 01:43;1680572629
1.09043;1.09043;0.00000;2023.04.04 01:43;1680572633
1.09044;1.09044;0.00000;2023.04.04 01:43;1680572637
1.09043;1.09043;0.00000;2023.04.04 01:44;1680572641
1.09044;1.09044;0.00000;2023.04.04 01:44;1680572654
1.09043;1.09043;0.00000;2023.04.04 01:44;1680572662
1.09042;1.09042;0.00000;2023.04.04 01:44;1680572670
1.09043;1.09043;0.00000;2023.04.04 01:44;1680572672
1.09044;1.09044;0.00000;2023.04.04 01:45;1680572700
1.09045;1.09045;0.00000;2023.04.04 01:45;1680572708
1.09046;1.09046;0.00000;2023.04.04 01:45;1680572712
1.09047;1.09047;0.00000;2023.04.04 01:45;1680572720
1.09048;1.09048;0.00000;2023.04.04 01:45;1680572725
1.09047;1.09047;0.00000;2023.04.04 01:45;1680572728
1.09048;1.09048;0.00000;2023.04.04 01:45;1680572732
1.09047;1.09047;0.00000;2023.04.04 01:45;1680572735
1.09048;1.09048;0.00000;2023.04.04 01:45;1680572739
1.09047;1.09047;0.00000;2023.04.04 01:45;1680572742
1.09048;1.09048;0.00000;2023.04.04 01:45;1680572746
1.09047;1.09047;0.00000;2023.04.04 01:45;1680572750
1.09048;1.09048;0.00000;2023.04.04 01:45;1680572753
1.09047;1.09047;0.00000;2023.04.04 01:45;1680572757
1.09049;1.09049;0.00000;2023.04.04 01:46;1680572760
1.09048;1.09048;0.00000;2023.04.04 01:46;1680572764
1.09050;1.09050;0.00000;2023.04.04 01:46;1680572767
1.09049;1.09049;0.00000;2023.04.04 01:46;1680572771
1.09050;1.09050;0.00000;2023.04.04 01:46;1680572775
1.09049;1.09049;0.00000;2023.04.04 01:46;1680572779
1.09048;1.09048;0.00000;2023.04.04 01:46;1680572783
1.09047;1.09047;0.00000;2023.04.04 01:46;1680572787
1.09045;1.09045;0.00000;2023.04.04 01:46;1680572791
1.09044;1.09044;0.00000;2023.04.04 01:46;1680572795
1.09043;1.09043;0.00000;2023.04.04 01:46;1680572800
1.09044;1.09044;0.00000;2023.04.04 01:46;1680572803
1.09043;1.09043;0.00000;2023.04.04 01:46;1680572807
1.09044;1.09044;0.00000;2023.04.04 01:46;1680572814
1.09045;1.09045;0.00000;2023.04.04 01:46;1680572817
1.09044;1.09044;0.00000;2023.04.04 01:47;1680572821
1.09045;1.09045;0.00000;2023.04.04 01:47;1680572825
1.09044;1.09044;0.00000;2023.04.04 01:47;1680572828
1.09043;1.09043;0.00000;2023.04.04 01:47;1680572832
1.09042;1.09042;0.00000;2023.04.04 01:47;1680572835
1.09041;1.09041;0.00000;2023.04.04 01:47;1680572839
1.09040;1.09040;0.00000;2023.04.04 01:47;1680572842
1.09039;1.09039;0.00000;2023.04.04 01:47;1680572846
1.09038;1.09038;0.00000;2023.04.04 01:47;1680572850
1.09039;1.09039;0.00000;2023.04.04 01:47;1680572854
1.09038;1.09038;0.00000;2023.04.04 01:47;1680572858
1.09040;1.09040;0.00000;2023.04.04 01:47;1680572862
1.09039;1.09039;0.00000;2023.04.04 01:47;1680572866
1.09040;1.09040;0.00000;2023.04.04 01:47;1680572875
1.09039;1.09039;0.00000;2023.04.04 01:47;1680572878
1.09037;1.09037;0.00000;2023.04.04 01:48;1680572882
1.09036;1.09036;0.00000;2023.04.04 01:48;1680572885
1.09035;1.09035;0.00000;2023.04.04 01:48;1680572889
1.09034;1.09034;0.00000;2023.04.04 01:48;1680572892
1.09032;1.09032;0.00000;2023.04.04 01:48;1680572896
1.09031;1.09031;0.00000;2023.04.04 01:48;1680572900
1.09032;1.09032;0.00000;2023.04.04 01:48;1680572903
1.09031;1.09031;0.00000;2023.04.04 01:48;1680572907
1.09033;1.09033;0.00000;2023.04.04 01:48;1680572910
1.09032;1.09032;0.00000;2023.04.04 01:48;1680572914
1.09034;1.09034;0.00000;2023.04.04 01:48;1680572917
1.09033;1.09033;0.00000;2023.04.04 01:48;1680572921
1.09034;1.09034;0.00000;2023.04.04 01:48;1680572925
1.09033;1.09033;0.00000;2023.04.04 01:48;1680572929
1.09034;1.09034;0.00000;2023.04.04 01:48;1680572933
1.09033;1.09033;0.00000;2023.04.04 01:48;1680572937
1.09034;1.09034;0.00000;2023.04.04 01:49;1680572941
1.09033;1.09033;0.00000;2023.04.04 01:49;1680572950
1.09034;1.09034;0.00000;2023.04.04 01:49;1680572957
1.09035;1.09035;0.00000;2023.04.04 01:49;1680572960
1.09036;1.09036;0.00000;2023.04.04 01:49;1680572964
1.09037;1.09037;0.00000;2023.04.04 01:49;1680572971
1.09035;1.09035;0.00000;2023.04.04 01:49;1680572972
1.09034;1.09034;0.00000;2023.04.04 01:50;1680573000
1.09035;1.09035;0.00000;2023.04.04 01:50;1680573006
1.09036;1.09036;0.00000;2023.04.04 01:50;1680573013
1.09037;1.09037;0.00000;2023.04.04 01:50;1680573019
1.09038;1.09038;0.00000;2023.04.04 01:50;1680573026
1.09039;1.09039;0.00000;2023.04.04 01:50;1680573033
1.09038;1.09038;0.00000;2023.04.04 01:50;1680573036
1.09039;1.09039;0.00000;2023.04.04 01:50;1680573039
1.09038;1.09038;0.00000;2023.04.04 01:50;1680573042
1.09039;1.09039;0.00000;2023.04.04 01:50;1680573046
1.09038;1.09038;0.00000;2023.04.04 01:50;1680573049
1.09039;1.09039;0.00000;2023.04.04 01:50;1680573052
1.09038;1.09038;0.00000;2023.04.04 01:50;1680573056
1.09039;1.09039;0.00000;2023.04.04 01:50;1680573059
1.09038;1.09038;0.00000;2023.04.04 01:51;1680573066
1.09039;1.09039;0.00000;2023.04.04 01:51;1680573069
1.09038;1.09038;0.00000;2023.04.04 01:51;1680573072
1.09040;1.09040;0.00000;2023.04.04 01:51;1680573075
1.09039;1.09039;0.00000;2023.04.04 01:51;1680573079
1.09041;1.09041;0.00000;2023.04.04 01:51;1680573082
1.09040;1.09040;0.00000;2023.04.04 01:51;1680573085
1.09041;1.09041;0.00000;2023.04.04 01:51;1680573092
1.09042;1.09042;0.00000;2023.04.04 01:51;1680573099
1.09041;1.09041;0.00000;2023.04.04 01:51;1680573102
1.09042;1.09042;0.00000;2023.04.04 01:51;1680573105
1.09041;1.09041;0.00000;2023.04.04 01:51;1680573108
1.09042;1.09042;0.00000;2023.04.04 01:51;1680573112
1.09041;1.09041;0.00000;2023.04.04 01:51;1680573115
1.09042;1.09042;0.00000;2023.04.04 01:51;1680573118
1.09041;1.09041;0.00000;2023.04.04 01:52;1680573122
1.09042;1.09042;0.00000;2023.04.04 01:52;1680573125
1.09041;1.09041;0.00000;2023.04.04 01:52;1680573132
1.09042;1.09042;0.00000;2023.04.04 01:52;1680573135
1.09041;1.09041;0.00000;2023.04.04 01:52;1680573138
1.09043;1.09043;0.00000;2023.04.04 01:52;1680573141
1.09042;1.09042;0.00000;2023.04.04 01:52;1680573144
1.09043;1.09043;0.00000;2023.04.04 01:52;1680573150
1.09044;1.09044;0.00000;2023.04.04 01:52;1680573153
1.09043;1.09043;0.00000;2023.04.04 01:52;1680573156
1.09045;1.09045;0.00000;2023.04.04 01:52;1680573159
1.09044;1.09044;0.00000;2023.04.04 01:52;1680573162
1.09045;1.09045;0.00000;2023.04.04 01:52;1680573165
1.09044;1.09044;0.00000;2023.04.04 01:52;1680573168
1.09045;1.09045;0.00000;2023.04.04 01:52;1680573171
1.09044;1.09044;0.00000;2023.04.04 01:52;1680573174
1.09045;1.09045;0.00000;2023.04.04 01:52;1680573178
1.09043;1.09043;0.00000;2023.04.04 01:53;1680573181
1.09044;1.09044;0.00000;2023.04.04 01:53;1680573184
1.09043;1.09043;0.00000;2023.04.04 01:53;1680573188
1.09044;1.09044;0.00000;2023.04.04 01:53;1680573191
1.09043;1.09043;0.00000;2023.04.04 01:53;1680573198
1.09044;1.09044;0.00000;2023.04.04 01:53;1680573201
1.09043;1.09043;0.00000;2023.04.04 01:53;1680573204
1.09044;1.09044;0.00000;2023.04.04 01:53;1680573207
1.09043;1.09043;0.00000;2023.04.04 01:53;1680573211
1.09044;1.09044;0.00000;2023.04.04 01:53;1680573214
1.09043;1.09043;0.00000;2023.04.04 01:53;1680573217
1.09044;1.09044;0.00000;2023.04.04 01:53;1680573221
1.09043;1.09043;0.00000;2023.04.04 01:53;1680573224
1.09044;1.09044;0.00000;2023.04.04 01:53;1680573231
1.09043;1.09043;0.00000;2023.04.04 01:53;1680573234
1.09044;1.09044;0.00000;2023.04.04 01:53;1680573237
1.09043;1.09043;0.00000;2023.04.04 01:54;1680573244
1.09042;1.09042;0.00000;2023.04.04 01:54;1680573247
1.09043;1.09043;0.00000;2023.04.04 01:54;1680573250
1.09041;1.09041;0.00000;2023.04.04 01:54;1680573254
1.09042;1.09042;0.00000;2023.04.04 01:54;1680573257
1.09041;1.09041;0.00000;2023.04.04 01:54;1680573260
1.09043;1.09043;0.00000;2023.04.04 01:54;1680573261
1.09041;1.09041;0.00000;2023.04.04 01:55;1680573300
1.09042;1.09042;0.00000;2023.04.04 01:55;1680573310
1.09043;1.09043;0.00000;2023.04.04 01:55;1680573320
1.09044;1.09044;0.00000;2023.04.04 01:55;1680573325
1.09043;1.09043;0.00000;2023.04.04 01:55;1680573329
1.09044;1.09044;0.00000;2023.04.04 01:55;1680573333
1.09043;1.09043;0.00000;2023.04.04 01:55;1680573337
1.09044;1.09044;0.00000;2023.04.04 01:55;1680573341
1.09043;1.09043;0.00000;2023.04.04 01:55;1680573350
1.09044;1.09044;0.00000;2023.04.04 01:55;1680573354
1.09043;1.09043;0.00000;2023.04.04 01:55;1680573358
1.09045;1.09045;0.00000;2023.04.04 01:56;1680573362
1.09044;1.09044;0.00000;2023.04.04 01:56;1680573366
1.09045;1.09045;0.00000;2023.04.04 01:56;1680573379
1.09044;1.09044;0.00000;2023.04.04 01:56;1680573387
1.09043;1.09043;0.00000;2023.04.04 01:56;1680573395
1.09042;1.09042;0.00000;2023.04.04 01:56;1680573400
1.09043;1.09043;0.00000;2023.04.04 01:56;1680573404
1.09042;1.09042;0.00000;2023.04.04 01:56;1680573408
1.09043;1.09043;0.00000;2023.04.04 01:56;1680573412
1.09042;1.09042;0.00000;2023.04.04 01:56;1680573416
1.09043;1.09043;0.00000;2023.04.04 01:57;1680573425
1.09042;1.09042;0.00000;2023.04.04 01:57;1680573433
1.09041;1.09041;0.00000;2023.04.04 01:57;1680573437
1.09040;1.09040;0.00000;2023.04.04 01:57;1680573445
1.09039;1.09039;0.00000;2023.04.04 01:57;1680573450
1.09040;1.09040;0.00000;2023.04.04 01:57;1680573455
1.09039;1.09039;0.00000;2023.04.04 01:57;1680573460
1.09040;1.09040;0.00000;2023.04.04 01:57;1680573465
1.09039;1.09039;0.00000;2023.04.04 01:57;1680573470
1.09040;1.09040;0.00000;2023.04.04 01:57;1680573475
1.09039;1.09039;0.00000;2023.04.04 01:58;1680573483
1.09038;1.09038;0.00000;2023.04.04 01:58;1680573487
1.09037;1.09037;0.00000;2023.04.04 01:58;1680573495
1.09036;1.09036;0.00000;2023.04.04 01:58;1680573500
1.09037;1.09037;0.00000;2023.04.04 01:58;1680573504
1.09036;1.09036;0.00000;2023.04.04 01:58;1680573508
1.09038;1.09038;0.00000;2023.04.04 01:58;1680573512
1.09037;1.09037;0.00000;2023.04.04 01:58;1680573516
1.09038;1.09038;0.00000;2023.04.04 01:58;1680573525
1.09037;1.09037;0.00000;2023.04.04 01:58;1680573529
1.09038;1.09038;0.00000;2023.04.04 01:58;1680573533
1.09037;1.09037;0.00000;2023.04.04 01:58;1680573537
1.09038;1.09038;0.00000;2023.04.04 01:59;1680573541
1.09037;1.09037;0.00000;2023.04.04 01:59;1680573550
1.09038;1.09038;0.00000;2023.04.04 01:59;1680573554
1.09037;1.09037;0.00000;2023.04.04 01:59;1680573558
1.09039;1.09039;0.00000;2023.04.04 01:59;1680573562
1.09038;1.09038;0.00000;2023.04.04 01:59;1680573566
1.09039;1.09039;0.00000;2023.04.04 01:59;1680573570
1.09037;1.09037;0.00000;2023.04.04 01:59;1680573572
1.09038;1.09038;0.00000;2023.04.04 02:00;1680573600
1.09039;1.09039;0.00000;2023.04.04 02:00;1680573604
1.09040;1.09040;0.00000;2023.04.04 02:00;1680573606
1.09041;1.09041;0.00000;2023.04.04 02:00;1680573610
1.09042;1.09042;0.00000;2023.04.04 02:00;1680573614
1.09043;1.09043;0.00000;2023.04.04 02:00;1680573616
1.09044;1.09044;0.00000;2023.04.04 02:00;1680573620
1.09045;1.09045;0.00000;2023.04.04 02:00;1680573622
1.09046;1.09046;0.00000;2023.04.04 02:00;1680573626
1.09047;1.09047;0.00000;2023.04.04 02:00;1680573630
1.09048;1.09048;0.00000;2023.04.04 02:00;1680573633
1.09047;1.09047;0.00000;2023.04.04 02:00;1680573634
1.09048;1.09048;0.00000;2023.04.04 02:00;1680573636
1.09047;1.09047;0.00000;2023.04.04 02:00;1680573638
1.09048;1.09048;0.00000;2023.04.04 02:00;1680573640
1.09047;1.09047;0.00000;2023.04.04 02:00;1680573642
1.09048;1.09048;0.00000;2023.04.04 02:00;1680573644
1.09047;1.09047;0.00000;2023.04.04 02:00;1680573646
1.09048;1.09048;0.00000;2023.04.04 02:00;1680573648
1.09046;1.09046;0.00000;2023.04.04 02:00;1680573650
1.09047;1.09047;0.00000;2023.04.04 02:00;1680573652
1.09046;1.09046;0.00000;2023.04.04 02:00;1680573654
1.09047;1.09047;0.00000;2023.04.04 02:00;1680573656
1.09046;1.09046;0.00000;2023.04.04 02:00;1680573658
1.09047;1.09047;0.00000;2023.04.04 02:01;1680573660
1.09046;1.09046;0.00000;2023.04.04 02:01;1680573662
1.09047;1.09047;0.00000;2023.04.04 02:01;1680573664
1.09046;1.09046;0.00000;2023.04.04 02:01;1680573666
1.09047;1.09047;0.00000;2023.04.04 02:01;1680573669
1.09048;1.09048;0.00000;2023.04.04 02:01;1680573673
1.09049;1.09049;0.00000;2023.04.04 02:01;1680573677
1.09050;1.09050;0.00000;2023.04.04 02:01;1680573681
1.09051;1.09051;0.00000;2023.04.04 02:01;1680573685
1.09052;1.09052;0.00000;2023.04.04 02:01;1680573689
1.09053;1.09053;0.00000;2023.04.04 02:01;1680573693
1.09054;1.09054;0.00000;2023.04.04 02:01;1680573697
1.09055;1.09055;0.00000;2023.04.04 02:01;1680573699
1.09054;1.09054;0.00000;2023.04.04 02:01;1680573700
1.09055;1.09055;0.00000;2023.04.04 02:01;1680573702
1.09054;1.09054;0.00000;2023.04.04 02:01;1680573704
1.09055;1.09055;0.00000;2023.04.04 02:01;1680573706
1.09054;1.09054;0.00000;2023.04.04 02:01;1680573708
1.09055;1.09055;0.00000;2023.04.04 02:01;1680573710
1.09054;1.09054;0.00000;2023.04.04 02:01;1680573712
1.09055;1.09055;0.00000;2023.04.04 02:01;1680573714
1.09053;1.09053;0.00000;2023.04.04 02:01;1680573716
1.09054;1.09054;0.00000;2023.04.04 02:01;1680573718
1.09053;1.09053;0.00000;2023.04.04 02:02;1680573720
1.09054;1.09054;0.00000;2023.04.04 02:02;1680573722
1.09053;1.09053;0.00000;2023.04.04 02:02;1680573724
1.09054;1.09054;0.00000;2023.04.04 02:02;1680573726
1.09053;1.09053;0.00000;2023.04.04 02:02;1680573728
1.09054;1.09054;0.00000;2023.04.04 02:02;1680573730
1.09053;1.09053;0.00000;2023.04.04 02:02;1680573732
1.09054;1.09054;0.00000;2023.04.04 02:02;1680573733
1.09053;1.09053;0.00000;2023.04.04 02:02;1680573735
1.09055;1.09055;0.00000;2023.04.04 02:02;1680573737
1.09054;1.09054;0.00000;2023.04.04 02:02;1680573739
1.09056;1.09056;0.00000;2023.04.04 02:02;1680573741
1.09055;1.09055;0.00000;2023.04.04 02:02;1680573743
1.09057;1.09057;0.00000;2023.04.04 02:02;1680573745
1.09056;1.09056;0.00000;2023.04.04 02:02;1680573747
1.09058;1.09058;0.00000;2023.04.04 02:02;1680573749
1.09057;1.09057;0.00000;2023.04.04 02:02;1680573751
1.09059;1.09059;0.00000;2023.04.04 02:02;1680573753
1.09058;1.09058;0.00000;2023.04.04 02:02;1680573755
1.09060;1.09060;0.00000;2023.04.04 02:02;1680573757
1.09059;1.09059;0.00000;2023.04.04 02:02;1680573759
1.09061;1.09061;0.00000;2023.04.04 02:02;1680573761
1.09060;1.09060;0.00000;2023.04.04 02:02;1680573763
1.09061;1.09061;0.00000;2023.04.04 02:02;1680573765
1.09060;1.09060;0.00000;2023.04.04 02:02;1680573766
1.09061;1.09061;0.00000;2023.04.04 02:02;1680573768
1.09060;1.09060;0.00000;2023.04.04 02:02;1680573770
1.09061;1.09061;0.00000;2023.04.04 02:02;1680573772
1.09059;1.09059;0.00000;2023.04.04 02:02;1680573774
1.09060;1.09060;0.00000;2023.04.04 02:02;1680573776
1.09059;1.09059;0.00000;2023.04.04 02:02;1680573778
1.09060;1.09060;0.00000;2023.04.04 02:03;1680573780
1.09058;1.09058;0.00000;2023.04.04 02:03;1680573782
1.09059;1.09059;0.00000;2023.04.04 02:03;1680573784
1.09058;1.09058;0.00000;2023.04.04 02:03;1680573786
1.09059;1.09059;0.00000;2023.04.04 02:03;1680573788
1.09057;1.09057;0.00000;2023.04.04 02:03;1680573790
1.09058;1.09058;0.00000;2023.04.04 02:03;1680573792
1.09057;1.09057;0.00000;2023.04.04 02:03;1680573794
1.09058;1.09058;0.00000;2023.04.04 02:03;1680573796
1.09057;1.09057;0.00000;2023.04.04 02:03;1680573798
1.09058;1.09058;0.00000;2023.04.04 02:03;1680573799
1.09057;1.09057;0.00000;2023.04.04 02:03;1680573801
1.09058;1.09058;0.00000;2023.04.04 02:03;1680573803
1.09057;1.09057;0.00000;2023.04.04 02:03;1680573805
1.09058;1.09058;0.00000;2023.04.04 02:03;1680573807
1.09057;1.09057;0.00000;2023.04.04 02:03;1680573809
1.09058;1.09058;0.00000;2023.04.04 02:03;1680573811
1.09057;1.09057;0.00000;2023.04.04 02:03;1680573813
1.09059;1.09059;0.00000;2023.04.04 02:03;1680573815
1.09058;1.09058;0.00000;2023.04.04 02:03;1680573817
1.09059;1.09059;0.00000;2023.04.04 02:03;1680573819
1.09058;1.09058;0.00000;2023.04.04 02:03;1680573821
1.09059;1.09059;0.00000;2023.04.04 02:03;1680573823
1.09058;1.09058;0.00000;2023.04.04 02:03;1680573825
1.09059;1.09059;0.00000;2023.04.04 02:03;1680573827
1.09058;1.09058;0.00000;2023.04.04 02:03;1680573829
1.09059;1.09059;0.00000;2023.04.04 02:03;1680573831
1.09058;1.09058;0.00000;2023.04.04 02:03;1680573832
1.09059;1.09059;0.00000;2023.04.04 02:03;1680573834
1.09057;1.09057;0.00000;2023.04.04 02:03;1680573836
1.09058;1.09058;0.00000;2023.04.04 02:03;1680573838
1.09057;1.09057;0.00000;2023.04.04 02:04;1680573842
1.09056;1.09056;0.00000;2023.04.04 02:04;1680573844
1.09057;1.09057;0.00000;2023.04.04 02:04;1680573846
1.09055;1.09055;0.00000;2023.04.04 02:04;1680573848
1.09056;1.09056;0.00000;2023.04.04 02:04;1680573850
1.09055;1.09055;0.00000;2023.04.04 02:04;1680573854
1.09054;1.09054;0.00000;2023.04.04 02:04;1680573856
1.09055;1.09055;0.00000;2023.04.04 02:04;1680573858
1.09053;1.09053;0.00000;2023.04.04 02:04;1680573860
1.09054;1.09054;0.00000;2023.04.04 02:04;1680573862
1.09060;1.09060;0.00000;2023.04.04 02:04;1680573863
1.09061;1.09061;0.00000;2023.04.04 02:05;1680573900
1.09060;1.09060;0.00000;2023.04.04 02:05;1680573902
1.09061;1.09061;0.00000;2023.04.04 02:05;1680573905
1.09060;1.09060;0.00000;2023.04.04 02:05;1680573908
1.09061;1.09061;0.00000;2023.04.04 02:05;1680573911
1.09059;1.09059;0.00000;2023.04.04 02:05;1680573913
1.09060;1.09060;0.00000;2023.04.04 02:05;1680573916
1.09059;1.09059;0.00000;2023.04.04 02:05;1680573919
1.09060;1.09060;0.00000;2023.04.04 02:05;1680573922
1.09059;1.09059;0.00000;2023.04.04 02:05;1680573925
1.09060;1.09060;0.00000;2023.04.04 02:05;1680573927
1.09059;1.09059;0.00000;2023.04.04 02:05;1680573930
1.09060;1.09060;0.00000;2023.04.04 02:05;1680573933
1.09059;1.09059;0.00000;2023.04.04 02:05;1680573936
1.09061;1.09061;0.00000;2023.04.04 02:05;1680573938
1.09060;1.09060;0.00000;2023.04.04 02:05;1680573941
1.09061;1.09061;0.00000;2023.04.04 02:05;1680573944
1.09060;1.09060;0.00000;2023.04.04 02:05;1680573947
1.09061;1.09061;0.00000;2023.04.04 02:05;1680573950
1.09060;1.09060;0.00000;2023.04.04 02:05;1680573952
1.09061;1.09061;0.00000;2023.04.04 02:05;1680573955
1.09060;1.09060;0.00000;2023.04.04 02:06;1680573960
1.09059;1.09059;0.00000;2023.04.04 02:06;1680573962
1.09060;1.09060;0.00000;2023.04.04 02:06;1680573965
1.09058;1.09058;0.00000;2023.04.04 02:06;1680573967
1.09059;1.09059;0.00000;2023.04.04 02:06;1680573970
1.09058;1.09058;0.00000;2023.04.04 02:06;1680573975
1.09059;1.09059;0.00000;2023.04.04 02:06;1680573977
1.09060;1.09060;0.00000;2023.04.04 02:06;1680573983
1.09061;1.09061;0.00000;2023.04.04 02:06;1680573986
1.09062;1.09062;0.00000;2023.04.04 02:06;1680573988
1.09063;1.09063;0.00000;2023.04.04 02:06;1680573994
1.09064;1.09064;0.00000;2023.04.04 02:06;1680573997
1.09065;1.09065;0.00000;2023.04.04 02:06;1680574000
1.09064;1.09064;0.00000;2023.04.04 02:06;1680574002
1.09065;1.09065;0.00000;2023.04.04 02:06;1680574005
1.09064;1.09064;0.00000;2023.04.04 02:06;1680574008
1.09065;1.09065;0.00000;2023.04.04 02:06;1680574011
1.09063;1.09063;0.00000;2023.04.04 02:06;1680574013
1.09064;1.09064;0.00000;2023.04.04 02:06;1680574016
1.09063;1.09063;0.00000;2023.04.04 02:06;1680574019
1.09064;1.09064;0.00000;2023.04.04 02:07;1680574022
1.09063;1.09063;0.00000;2023.04.04 02:07;1680574025
1.09064;1.09064;0.00000;2023.04.04 02:07;1680574030
1.09065;1.09065;0.00000;2023.04.04 02:07;1680574035
1.09066;1.09066;0.00000;2023.04.04 02:07;1680574037
1.09067;1.09067;0.00000;2023.04.04 02:07;1680574042
1.09068;1.09068;0.00000;2023.04.04 02:07;1680574047
1.09069;1.09069;0.00000;2023.04.04 02:07;1680574050
1.09068;1.09068;0.00000;2023.04.04 02:07;1680574052
1.09069;1.09069;0.00000;2023.04.04 02:07;1680574055
1.09068;1.09068;0.00000;2023.04.04 02:07;1680574058
1.09069;1.09069;0.00000;2023.04.04 02:07;1680574061
1.09068;1.09068;0.00000;2023.04.04 02:07;1680574063
1.09069;1.09069;0.00000;2023.04.04 02:07;1680574066
1.09068;1.09068;0.00000;2023.04.04 02:07;1680574069
1.09069;1.09069;0.00000;2023.04.04 02:07;1680574072
1.09068;1.09068;0.00000;2023.04.04 02:07;1680574075
1.09069;1.09069;0.00000;2023.04.04 02:08;1680574080
1.09070;1.09070;0.00000;2023.04.04 02:08;1680574086
1.09071;1.09071;0.00000;2023.04.04 02:08;1680574091
1.09072;1.09072;0.00000;2023.04.04 02:08;1680574097
1.09073;1.09073;0.00000;2023.04.04 02:08;1680574100
1.09072;1.09072;0.00000;2023.04.04 02:08;1680574102
1.09073;1.09073;0.00000;2023.04.04 02:08;1680574105
1.09072;1.09072;0.00000;2023.04.04 02:08;1680574110
1.09071;1.09071;0.00000;2023.04.04 02:08;1680574112
1.09072;1.09072;0.00000;2023.04.04 02:08;1680574115
1.09070;1.09070;0.00000;2023.04.04 02:08;1680574117
1.09071;1.09071;0.00000;2023.04.04 02:08;1680574120
1.09070;1.09070;0.00000;2023.04.04 02:08;1680574125
1.09071;1.09071;0.00000;2023.04.04 02:08;1680574127
1.09070;1.09070;0.00000;2023.04.04 02:08;1680574130
1.09071;1.09071;0.00000;2023.04.04 02:08;1680574133
1.09070;1.09070;0.00000;2023.04.04 02:08;1680574136
1.09072;1.09072;0.00000;2023.04.04 02:08;1680574138
1.09071;1.09071;0.00000;2023.04.04 02:09;1680574141
1.09072;1.09072;0.00000;2023.04.04 02:09;1680574144
1.09071;1.09071;0.00000;2023.04.04 02:09;1680574147
1.09072;1.09072;0.00000;2023.04.04 02:09;1680574150
1.09071;1.09071;0.00000;2023.04.04 02:09;1680574152
1.09072;1.09072;0.00000;2023.04.04 02:09;1680574155
1.09070;1.09070;0.00000;2023.04.04 02:09;1680574158
1.09071;1.09071;0.00000;2023.04.04 02:09;1680574161
1.09069;1.09069;0.00000;2023.04.04 02:09;1680574163
1.09070;1.09070;0.00000;2023.04.04 02:09;1680574166
1.09068;1.09068;0.00000;2023.04.04 02:09;1680574169
1.09069;1.09069;0.00000;2023.04.04 02:09;1680574172
1.09072;1.09072;0.00000;2023.04.04 02:09;1680574173
1.09073;1.09073;0.00000;2023.04.04 02:10;1680574200
1.09072;1.09072;0.00000;2023.04.04 02:10;1680574204
1.09071;1.09071;0.00000;2023.04.04 02:10;1680574208
1.09069;1.09069;0.00000;2023.04.04 02:10;1680574212
1.09068;1.09068;0.00000;2023.04.04 02:10;1680574216
1.09067;1.09067;0.00000;2023.04.04 02:10;1680574220
1.09066;1.09066;0.00000;2023.04.04 02:10;1680574224
1.09064;1.09064;0.00000;2023.04.04 02:10;1680574228
1.09063;1.09063;0.00000;2023.04.04 02:10;1680574233
1.09064;1.09064;0.00000;2023.04.04 02:10;1680574236
1.09063;1.09063;0.00000;2023.04.04 02:10;1680574240
1.09064;1.09064;0.00000;2023.04.04 02:10;1680574244
1.09063;1.09063;0.00000;2023.04.04 02:10;1680574247
1.09064;1.09064;0.00000;2023.04.04 02:10;1680574251
1.09063;1.09063;0.00000;2023.04.04 02:10;1680574255
1.09064;1.09064;0.00000;2023.04.04 02:10;1680574258
1.09063;1.09063;0.00000;2023.04.04 02:11;1680574262
1.09064;1.09064;0.00000;2023.04.04 02:11;1680574266
1.09063;1.09063;0.00000;2023.04.04 02:11;1680574270
1.09064;1.09064;0.00000;2023.04.04 02:11;1680574274
1.09062;1.09062;0.00000;2023.04.04 02:11;1680574278
1.09063;1.09063;0.00000;2023.04.04 02:11;1680574282
1.09062;1.09062;0.00000;2023.04.04 02:11;1680574290
1.09061;1.09061;0.00000;2023.04.04 02:11;1680574299
1.09062;1.09062;0.00000;2023.04.04 02:11;1680574302
1.09063;1.09063;0.00000;2023.04.04 02:11;1680574306
1.09064;1.09064;0.00000;2023.04.04 02:11;1680574310
1.09065;1.09065;0.00000;2023.04.04 02:11;1680574313
1.09066;1.09066;0.00000;2023.04.04 02:11;1680574317
1.09067;1.09067;0.00000;2023.04.04 02:12;1680574321
1.09068;1.09068;0.00000;2023.04.04 02:12;1680574324
1.09069;1.09069;0.00000;2023.04.04 02:12;1680574328
1.09070;1.09070;0.00000;2023.04.04 02:12;1680574332
1.09069;1.09069;0.00000;2023.04.04 02:12;1680574336
1.09070;1.09070;0.00000;2023.04.04 02:12;1680574340
1.09069;1.09069;0.00000;2023.04.04 02:12;1680574348
1.09068;1.09068;0.00000;2023.04.04 02:12;1680574352
1.09069;1.09069;0.00000;2023.04.04 02:12;1680574356
1.09068;1.09068;0.00000;2023.04.04 02:12;1680574365
1.09069;1.09069;0.00000;2023.04.04 02:12;1680574368
1.09070;1.09070;0.00000;2023.04.04 02:12;1680574376
1.09071;1.09071;0.00000;2023.04.04 02:12;1680574379
1.09072;1.09072;0.00000;2023.04.04 02:13;1680574383
1.09073;1.09073;0.00000;2023.04.04 02:13;1680574390
1.09074;1.09074;0.00000;2023.04.04 02:13;1680574394
1.09075;1.09075;0.00000;2023.04.04 02:13;1680574398
1.09074;1.09074;0.00000;2023.04.04 02:13;1680574402
1.09075;1.09075;0.00000;2023.04.04 02:13;1680574406
1.09074;1.09074;0.00000;2023.04.04 02:13;1680574414
1.09073;1.09073;0.00000;2023.04.04 02:13;1680574418
1.09074;1.09074;0.00000;2023.04.04 02:13;1680574422
1.09073;1.09073;0.00000;2023.04.04 02:13;1680574431
1.09074;1.09074;0.00000;2023.04.04 02:13;1680574434
1.09075;1.09075;0.00000;2023.04.04 02:14;1680574442
1.09076;1.09076;0.00000;2023.04.04 02:14;1680574445
1.09077;1.09077;0.00000;2023.04.04 02:14;1680574449
1.09078;1.09078;0.00000;2023.04.04 02:14;1680574456
1.09079;1.09079;0.00000;2023.04.04 02:14;1680574460
1.09080;1.09080;0.00000;2023.04.04 02:14;1680574462
1.09078;1.09078;0.00000;2023.04.04 02:15;1680574500
1.09079;1.09079;0.00000;2023.04.04 02:15;1680574503
1.09078;1.09078;0.00000;2023.04.04 02:15;1680574506
1.09079;1.09079;0.00000;2023.04.04 02:15;1680574509
1.09078;1.09078;0.00000;2023.04.04 02:15;1680574512
1.09079;1.09079;0.00000;2023.04.04 02:15;1680574515
1.09078;1.09078;0.00000;2023.04.04 02:15;1680574518
1.09079;1.09079;0.00000;2023.04.04 02:15;1680574525
1.09078;1.09078;0.00000;2023.04.04 02:15;1680574528
1.09079;1.09079;0.00000;2023.04.04 02:15;1680574531
1.09078;1.09078;0.00000;2023.04.04 02:15;1680574534
1.09079;1.09079;0.00000;2023.04.04 02:15;1680574537
1.09078;1.09078;0.00000;2023.04.04 02:15;1680574540
1.09079;1.09079;0.00000;2023.04.04 02:15;1680574543
1.09078;1.09078;0.00000;2023.04.04 02:15;1680574550
1.09079;1.09079;0.00000;2023.04.04 02:15;1680574552
1.09078;1.09078;0.00000;2023.04.04 02:15;1680574555
1.09079;1.09079;0.00000;2023.04.04 02:15;1680574558
1.09078;1.09078;0.00000;2023.04.04 02:16;1680574561
1.09080;1.09080;0.00000;2023.04.04 02:16;1680574563
1.09079;1.09079;0.00000;2023.04.04 02:16;1680574566
1.09080;1.09080;0.00000;2023.04.04 02:16;1680574569
1.09079;1.09079;0.00000;2023.04.04 02:16;1680574572
1.09080;1.09080;0.00000;2023.04.04 02:16;1680574578
1.09079;1.09079;0.00000;2023.04.04 02:16;1680574584
1.09078;1.09078;0.00000;2023.04.04 02:16;1680574590
1.09077;1.09077;0.00000;2023.04.04 02:16;1680574596
1.09076;1.09076;0.00000;2023.04.04 02:16;1680574600
1.09077;1.09077;0.00000;2023.04.04 02:16;1680574602
1.09076;1.09076;0.00000;2023.04.04 02:16;1680574605
1.09077;1.09077;0.00000;2023.04.04 02:16;1680574608
1.09076;1.09076;0.00000;2023.04.04 02:16;1680574611
1.09077;1.09077;0.00000;2023.04.04 02:16;1680574613
1.09076;1.09076;0.00000;2023.04.04 02:16;1680574616
1.09077;1.09077;0.00000;2023.04.04 02:16;1680574619
1.09076;1.09076;0.00000;2023.04.04 02:17;1680574622
1.09077;1.09077;0.00000;2023.04.04 02:17;1680574628
1.09076;1.09076;0.00000;2023.04.04 02:17;1680574634
1.09075;1.09075;0.00000;2023.04.04 02:17;1680574640
1.09074;1.09074;0.00000;2023.04.04 02:17;1680574646
1.09073;1.09073;0.00000;2023.04.04 02:17;1680574650
1.09074;1.09074;0.00000;2023.04.04 02:17;1680574653
1.09073;1.09073;0.00000;2023.04.04 02:17;1680574656
1.09074;1.09074;0.00000;2023.04.04 02:17;1680574659
1.09073;1.09073;0.00000;2023.04.04 02:17;1680574662
1.09074;1.09074;0.00000;2023.04.04 02:17;1680574665
1.09073;1.09073;0.00000;2023.04.04 02:17;1680574668
1.09074;1.09074;0.00000;2023.04.04 02:17;1680574675
1.09073;1.09073;0.00000;2023.04.04 02:18;1680574680
1.09072;1.09072;0.00000;2023.04.04 02:18;1680574686
1.09071;1.09071;0.00000;2023.04.04 02:18;1680574691
1.09070;1.09070;0.00000;2023.04.04 02:18;1680574697
1.09069;1.09069;0.00000;2023.04.04 02:18;1680574700
1.09070;1.09070;0.00000;2023.04.04 02:18;1680574703
1.09069;1.09069;0.00000;2023.04.04 02:18;1680574706
1.09070;1.09070;0.00000;2023.04.04 02:18;1680574712
1.09071;1.09071;0.00000;2023.04.04 02:18;1680574715
1.09070;1.09070;0.00000;2023.04.04 02:18;1680574718
1.09071;1.09071;0.00000;2023.04.04 02:18;1680574725
1.09070;1.09070;0.00000;2023.04.04 02:18;1680574727
1.09071;1.09071;0.00000;2023.04.04 02:18;1680574730
1.09070;1.09070;0.00000;2023.04.04 02:18;1680574733
1.09071;1.09071;0.00000;2023.04.04 02:18;1680574736
1.09070;1.09070;0.00000;2023.04.04 02:18;1680574738
1.09071;1.09071;0.00000;2023.04.04 02:19;1680574741
1.09070;1.09070;0.00000;2023.04.04 02:19;1680574744
1.09071;1.09071;0.00000;2023.04.04 02:19;1680574747
1.09070;1.09070;0.00000;2023.04.04 02:19;1680574750
1.09071;1.09071;0.00000;2023.04.04 02:19;1680574753
1.09070;1.09070;0.00000;2023.04.04 02:19;1680574756
1.09072;1.09072;0.00000;2023.04.04 02:19;1680574759
1.09071;1.09071;0.00000;2023.04.04 02:19;1680574762
1.09072;1.09072;0.00000;2023.04.04 02:19;1680574768
1.09073;1.09073;0.00000;2023.04.04 02:19;1680574771
1.09072;1.09072;0.00000;2023.04.04 02:19;1680574772
1.09073;1.09073;0.00000;2023.04.04 02:20;1680574800
1.09074;1.09074;0.00000;2023.04.04 02:20;1680574803
1.09073;1.09073;0.00000;2023.04.04 02:20;1680574806
1.09074;1.09074;0.00000;2023.04.04 02:20;1680574809
1.09073;1.09073;0.00000;2023.04.04 02:20;1680574812
1.09074;1.09074;0.00000;2023.04.04 02:20;1680574815
1.09073;1.09073;0.00000;2023.04.04 02:20;1680574818
1.09074;1.09074;0.00000;2023.04.04 02:20;1680574825
1.09075;1.09075;0.00000;2023.04.04 02:20;1680574828
1.09074;1.09074;0.00000;2023.04.04 02:20;1680574831
1.09075;1.09075;0.00000;2023.04.04 02:20;1680574834
1.09074;1.09074;0.00000;2023.04.04 02:20;1680574837
1.09075;1.09075;0.00000;2023.04.04 02:20;1680574840
1.09074;1.09074;0.00000;2023.04.04 02:20;1680574843
1.09075;1.09075;0.00000;2023.04.04 02:20;1680574850
1.09074;1.09074;0.00000;2023.04.04 02:20;1680574853
1.09075;1.09075;0.00000;2023.04.04 02:20;1680574856
1.09073;1.09073;0.00000;2023.04.04 02:20;1680574859
1.09074;1.09074;0.00000;2023.04.04 02:21;1680574862
1.09073;1.09073;0.00000;2023.04.04 02:21;1680574868
1.09072;1.09072;0.00000;2023.04.04 02:21;1680574875
1.09073;1.09073;0.00000;2023.04.04 02:21;1680574878
1.09074;1.09074;0.00000;2023.04.04 02:21;1680574881
1.09075;1.09075;0.00000;2023.04.04 02:21;1680574884
1.09077;1.09077;0.00000;2023.04.04 02:21;1680574887
1.09078;1.09078;0.00000;2023.04.04 02:21;1680574890
1.09079;1.09079;0.00000;2023.04.04 02:21;1680574893
1.09080;1.09080;0.00000;2023.04.04 02:21;1680574896
1.09081;1.09081;0.00000;2023.04.04 02:21;1680574900
1.09080;1.09080;0.00000;2023.04.04 02:21;1680574903
1.09081;1.09081;0.00000;2023.04.04 02:21;1680574906
1.09080;1.09080;0.00000;2023.04.04 02:21;1680574912
1.09079;1.09079;0.00000;2023.04.04 02:21;1680574915
1.09080;1.09080;0.00000;2023.04.04 02:21;1680574918
1.09079;1.09079;0.00000;2023.04.04 02:22;1680574925
1.09080;1.09080;0.00000;2023.04.04 02:22;1680574928
1.09081;1.09081;0.00000;2023.04.04 02:22;1680574931
1.09082;1.09082;0.00000;2023.04.04 02:22;1680574934
1.09083;1.09083;0.00000;2023.04.04 02:22;1680574940
1.09084;1.09084;0.00000;2023.04.04 02:22;1680574943
1.09085;1.09085;0.00000;2023.04.04 02:22;1680574946
1.09086;1.09086;0.00000;2023.04.04 02:22;1680574950
1.09085;1.09085;0.00000;2023.04.04 02:22;1680574953
1.09086;1.09086;0.00000;2023.04.04 02:22;1680574956
1.09085;1.09085;0.00000;2023.04.04 02:22;1680574962
1.09084;1.09084;0.00000;2023.04.04 02:22;1680574965
1.09085;1.09085;0.00000;2023.04.04 02:22;1680574968
1.09084;1.09084;0.00000;2023.04.04 02:22;1680574975
1.09085;1.09085;0.00000;2023.04.04 02:22;1680574978
1.09086;1.09086;0.00000;2023.04.04 02:23;1680574981
1.09087;1.09087;0.00000;2023.04.04 02:23;1680574984
1.09088;1.09088;0.00000;2023.04.04 02:23;1680574990
1.09089;1.09089;0.00000;2023.04.04 02:23;1680574993
1.09090;1.09090;0.00000;2023.04.04 02:23;1680574996
1.09091;1.09091;0.00000;2023.04.04 02:23;1680575000
1.09090;1.09090;0.00000;2023.04.04 02:23;1680575003
1.09091;1.09091;0.00000;2023.04.04 02:23;1680575006
1.09089;1.09089;0.00000;2023.04.04 02:23;1680575009
1.09090;1.09090;0.00000;2023.04.04 02:23;1680575012
1.09089;1.09089;0.00000;2023.04.04 02:23;1680575018
1.09088;1.09088;0.00000;2023.04.04 02:23;1680575025
1.09089;1.09089;0.00000;2023.04.04 02:23;1680575028
1.09088;1.09088;0.00000;2023.04.04 02:23;1680575031
1.09089;1.09089;0.00000;2023.04.04 02:23;1680575034
1.09088;1.09088;0.00000;2023.04.04 02:23;1680575037
1.09089;1.09089;0.00000;2023.04.04 02:24;1680575040
1.09088;1.09088;0.00000;2023.04.04 02:24;1680575043
1.09089;1.09089;0.00000;2023.04.04 02:24;1680575050
1.09088;1.09088;0.00000;2023.04.04 02:24;1680575056
1.09087;1.09087;0.00000;2023.04.04 02:24;1680575062
1.09086;1.09086;0.00000;2023.04.04 02:24;1680575065
1.09085;1.09085;0.00000;2023.04.04 02:24;1680575071
1.09079;1.09079;0.00000;2023.04.04 02:24;1680575072
1.09078;1.09078;0.00000;2023.04.04 02:25;1680575100
1.09077;1.09077;0.00000;2023.04.04 02:25;1680575102
1.09078;1.09078;0.00000;2023.04.04 02:25;1680575104
1.09077;1.09077;0.00000;2023.04.04 02:25;1680575106
1.09078;1.09078;0.00000;2023.04.04 02:25;1680575108
1.09077;1.09077;0.00000;2023.04.04 02:25;1680575112
1.09076;1.09076;0.00000;2023.04.04 02:25;1680575114
1.09077;1.09077;0.00000;2023.04.04 02:25;1680575116
1.09076;1.09076;0.00000;2023.04.04 02:25;1680575118
1.09077;1.09077;0.00000;2023.04.04 02:25;1680575120
1.09076;1.09076;0.00000;2023.04.04 02:25;1680575125
1.09077;1.09077;0.00000;2023.04.04 02:25;1680575126
1.09076;1.09076;0.00000;2023.04.04 02:25;1680575128
1.09077;1.09077;0.00000;2023.04.04 02:25;1680575130
1.09076;1.09076;0.00000;2023.04.04 02:25;1680575132
1.09077;1.09077;0.00000;2023.04.04 02:25;1680575134
1.09076;1.09076;0.00000;2023.04.04 02:25;1680575136
1.09077;1.09077;0.00000;2023.04.04 02:25;1680575138
1.09076;1.09076;0.00000;2023.04.04 02:25;1680575140
1.09077;1.09077;0.00000;2023.04.04 02:25;1680575142
1.09076;1.09076;0.00000;2023.04.04 02:25;1680575144
1.09077;1.09077;0.00000;2023.04.04 02:25;1680575146
1.09076;1.09076;0.00000;2023.04.04 02:25;1680575148
1.09077;1.09077;0.00000;2023.04.04 02:25;1680575150
1.09076;1.09076;0.00000;2023.04.04 02:25;1680575151
1.09077;1.09077;0.00000;2023.04.04 02:25;1680575153
1.09076;1.09076;0.00000;2023.04.04 02:25;1680575155
1.09077;1.09077;0.00000;2023.04.04 02:25;1680575157
1.09076;1.09076;0.00000;2023.04.04 02:25;1680575159
1.09077;1.09077;0.00000;2023.04.04 02:26;1680575161
1.09075;1.09075;0.00000;2023.04.04 02:26;1680575163
1.09076;1.09076;0.00000;2023.04.04 02:26;1680575165
1.09075;1.09075;0.00000;2023.04.04 02:26;1680575167
1.09076;1.09076;0.00000;2023.04.04 02:26;1680575169
1.09075;1.09075;0.00000;2023.04.04 02:26;1680575171
1.09076;1.09076;0.00000;2023.04.04 02:26;1680575173
1.09075;1.09075;0.00000;2023.04.04 02:26;1680575175
1.09076;1.09076;0.00000;2023.04.04 02:26;1680575176
1.09075;1.09075;0.00000;2023.04.04 02:26;1680575178
1.09077;1.09077;0.00000;2023.04.04 02:26;1680575180
1.09076;1.09076;0.00000;2023.04.04 02:26;1680575182
1.09077;1.09077;0.00000;2023.04.04 02:26;1680575186
1.09078;1.09078;0.00000;2023.04.04 02:26;1680575190
1.09079;1.09079;0.00000;2023.04.04 02:26;1680575192
1.09078;1.09078;0.00000;2023.04.04 02:26;1680575194
1.09080;1.09080;0.00000;2023.04.04 02:26;1680575196
1.09079;1.09079;0.00000;2023.04.04 02:26;1680575198
1.09080;1.09080;0.00000;2023.04.04 02:26;1680575200
1.09079;1.09079;0.00000;2023.04.04 02:26;1680575201
1.09080;1.09080;0.00000;2023.04.04 02:26;1680575203
1.09079;1.09079;0.00000;2023.04.04 02:26;1680575205
1.09080;1.09080;0.00000;2023.04.04 02:26;1680575207
1.09079;1.09079;0.00000;2023.04.04 02:26;1680575209
1.09080;1.09080;0.00000;2023.04.04 02:26;1680575211
1.09079;1.09079;0.00000;2023.04.04 02:26;1680575213
1.09080;1.09080;0.00000;2023.04.04 02:26;1680575215
1.09079;1.09079;0.00000;2023.04.04 02:26;1680575217
1.09080;1.09080;0.00000;2023.04.04 02:26;1680575219
1.09079;1.09079;0.00000;2023.04.04 02:27;1680575221
1.09080;1.09080;0.00000;2023.04.04 02:27;1680575223
1.09079;1.09079;0.00000;2023.04.04 02:27;1680575225
1.09080;1.09080;0.00000;2023.04.04 02:27;1680575226
1.09079;1.09079;0.00000;2023.04.04 02:27;1680575228
1.09080;1.09080;0.00000;2023.04.04 02:27;1680575232
1.09081;1.09081;0.00000;2023.04.04 02:27;1680575234
1.09080;1.09080;0.00000;2023.04.04 02:27;1680575236
1.09082;1.09082;0.00000;2023.04.04 02:27;1680575238
1.09081;1.09081;0.00000;2023.04.04 02:27;1680575240
1.09082;1.09082;0.00000;2023.04.04 02:27;1680575244
1.09083;1.09083;0.00000;2023.04.04 02:27;1680575246
1.09082;1.09082;0.00000;2023.04.04 02:27;1680575248
1.09083;1.09083;0.00000;2023.04.04 02:27;1680575250
1.09082;1.09082;0.00000;2023.04.04 02:27;1680575252
1.09083;1.09083;0.00000;2023.04.04 02:27;1680575254
1.09082;1.09082;0.00000;2023.04.04 02:27;1680575256
1.09083;1.09083;0.00000;2023.04.04 02:27;1680575258
1.09082;1.09082;0.00000;2023.04.04 02:27;1680575260
1.09083;1.09083;0.00000;2023.04.04 02:27;1680575262
1.09082;1.09082;0.00000;2023.04.04 02:27;1680575264
1.09083;1.09083;0.00000;2023.04.04 02:27;1680575266
1.09082;1.09082;0.00000;2023.04.04 02:27;1680575268
1.09083;1.09083;0.00000;2023.04.04 02:27;1680575270
1.09082;1.09082;0.00000;2023.04.04 02:27;1680575275
1.09083;1.09083;0.00000;2023.04.04 02:27;1680575276
1.09082;1.09082;0.00000;2023.04.04 02:27;1680575278
1.09083;1.09083;0.00000;2023.04.04 02:28;1680575282
1.09084;1.09084;0.00000;2023.04.04 02:28;1680575284
1.09083;1.09083;0.00000;2023.04.04 02:28;1680575286
1.09085;1.09085;0.00000;2023.04.04 02:28;1680575288
1.09084;1.09084;0.00000;2023.04.04 02:28;1680575290
1.09085;1.09085;0.00000;2023.04.04 02:28;1680575294
1.09086;1.09086;0.00000;2023.04.04 02:28;1680575296
1.09085;1.09085;0.00000;2023.04.04 02:28;1680575298
1.09086;1.09086;0.00000;2023.04.04 02:28;1680575300
1.09085;1.09085;0.00000;2023.04.04 02:28;1680575301
1.09086;1.09086;0.00000;2023.04.04 02:28;1680575303
1.09085;1.09085;0.00000;2023.04.04 02:28;1680575305
1.09086;1.09086;0.00000;2023.04.04 02:28;1680575307
1.09085;1.09085;0.00000;2023.04.04 02:28;1680575309
1.09086;1.09086;0.00000;2023.04.04 02:28;1680575311
1.09084;1.09084;0.00000;2023.04.04 02:28;1680575313
1.09085;1.09085;0.00000;2023.04.04 02:28;1680575315
1.09084;1.09084;0.00000;2023.04.04 02:28;1680575317
1.09085;1.09085;0.00000;2023.04.04 02:28;1680575319
1.09084;1.09084;0.00000;2023.04.04 02:28;1680575321
1.09085;1.09085;0.00000;2023.04.04 02:28;1680575323
1.09084;1.09084;0.00000;2023.04.04 02:28;1680575325
1.09085;1.09085;0.00000;2023.04.04 02:28;1680575326
1.09084;1.09084;0.00000;2023.04.04 02:28;1680575328
1.09085;1.09085;0.00000;2023.04.04 02:28;1680575330
1.09084;1.09084;0.00000;2023.04.04 02:28;1680575332
1.09085;1.09085;0.00000;2023.04.04 02:28;1680575334
1.09084;1.09084;0.00000;2023.04.04 02:28;1680575336
1.09085;1.09085;0.00000;2023.04.04 02:28;1680575338
1.09084;1.09084;0.00000;2023.04.04 02:29;1680575340
1.09085;1.09085;0.00000;2023.04.04 02:29;1680575342
1.09084;1.09084;0.00000;2023.04.04 02:29;1680575344
1.09085;1.09085;0.00000;2023.04.04 02:29;1680575346
1.09084;1.09084;0.00000;2023.04.04 02:29;1680575348
1.09085;1.09085;0.00000;2023.04.04 02:29;1680575350
1.09084;1.09084;0.00000;2023.04.04 02:29;1680575351
1.09085;1.09085;0.00000;2023.04.04 02:29;1680575353
1.09084;1.09084;0.00000;2023.04.04 02:29;1680575355
1.09085;1.09085;0.00000;2023.04.04 02:29;1680575357
1.09083;1.09083;0.00000;2023.04.04 02:29;1680575359
1.09084;1.09084;0.00000;2023.04.04 02:29;1680575361
1.09083;1.09083;0.00000;2023.04.04 02:29;1680575363
1.09084;1.09084;0.00000;2023.04.04 02:29;1680575365
1.09082;1.09082;0.00000;2023.04.04 02:29;1680575367
1.09083;1.09083;0.00000;2023.04.04 02:29;1680575369
1.09082;1.09082;0.00000;2023.04.04 02:29;1680575371
1.09083;1.09083;0.00000;2023.04.04 02:29;1680575375
1.09084;1.09084;0.00000;2023.04.04 02:30;1680575400
1.09085;1.09085;0.00000;2023.04.04 02:30;1680575402
1.09084;1.09084;0.00000;2023.04.04 02:30;1680575405
1.09085;1.09085;0.00000;2023.04.04 02:30;1680575407
1.09084;1.09084;0.00000;2023.04.04 02:30;1680575410
1.09085;1.09085;0.00000;2023.04.04 02:30;1680575412
1.09084;1.09084;0.00000;2023.04.04 02:30;1680575415
1.09085;1.09085;0.00000;2023.04.04 02:30;1680575417
1.09084;1.09084;0.00000;2023.04.04 02:30;1680575420
1.09085;1.09085;0.00000;2023.04.04 02:30;1680575422
1.09084;1.09084;0.00000;2023.04.04 02:30;1680575425
1.09083;1.09083;0.00000;2023.04.04 02:30;1680575427
1.09084;1.09084;0.00000;2023.04.04 02:30;1680575430
1.09083;1.09083;0.00000;2023.04.04 02:30;1680575432
1.09084;1.09084;0.00000;2023.04.04 02:30;1680575435
1.09082;1.09082;0.00000;2023.04.04 02:30;1680575437
1.09083;1.09083;0.00000;2023.04.04 02:30;1680575440
1.09082;1.09082;0.00000;2023.04.04 02:30;1680575442
1.09083;1.09083;0.00000;2023.04.04 02:30;1680575445
1.09082;1.09082;0.00000;2023.04.04 02:30;1680575450
1.09083;1.09083;0.00000;2023.04.04 02:30;1680575452
1.09082;1.09082;0.00000;2023.04.04 02:30;1680575455
1.09083;1.09083;0.00000;2023.04.04 02:31;1680575460
1.09084;1.09084;0.00000;2023.04.04 02:31;1680575462
1.09083;1.09083;0.00000;2023.04.04 02:31;1680575465
1.09085;1.09085;0.00000;2023.04.04 02:31;1680575467
1.09084;1.09084;0.00000;2023.04.04 02:31;1680575470
1.09085;1.09085;0.00000;2023.04.04 02:31;1680575475
1.09084;1.09084;0.00000;2023.04.04 02:31;1680575477
1.09085;1.09085;0.00000;2023.04.04 02:31;1680575479
1.09083;1.09083;0.00000;2023.04.04 02:31;1680575481
1.09084;1.09084;0.00000;2023.04.04 02:31;1680575484
1.09082;1.09082;0.00000;2023.04.04 02:31;1680575486
1.09083;1.09083;0.00000;2023.04.04 02:31;1680575488
1.09081;1.09081;0.00000;2023.04.04 02:31;1680575490
1.09082;1.09082;0.00000;2023.04.04 02:31;1680575493
1.09080;1.09080;0.00000;2023.04.04 02:31;1680575495
1.09081;1.09081;0.00000;2023.04.04 02:31;1680575497
1.09080;1.09080;0.00000;2023.04.04 02:31;1680575500
1.09081;1.09081;0.00000;2023.04.04 02:31;1680575502
1.09080;1.09080;0.00000;2023.04.04 02:31;1680575505
1.09081;1.09081;0.00000;2023.04.04 02:31;1680575507
1.09080;1.09080;0.00000;2023.04.04 02:31;1680575510
1.09081;1.09081;0.00000;2023.04.04 02:31;1680575512
1.09080;1.09080;0.00000;2023.04.04 02:31;1680575515
1.09081;1.09081;0.00000;2023.04.04 02:31;1680575517
1.09080;1.09080;0.00000;2023.04.04 02:32;1680575520
1.09081;1.09081;0.00000;2023.04.04 02:32;1680575527
1.09080;1.09080;0.00000;2023.04.04 02:32;1680575532
1.09079;1.09079;0.00000;2023.04.04 02:32;1680575537
1.09078;1.09078;0.00000;2023.04.04 02:32;1680575542
1.09077;1.09077;0.00000;2023.04.04 02:32;1680575547
1.09076;1.09076;0.00000;2023.04.04 02:32;1680575550
1.09077;1.09077;0.00000;2023.04.04 02:32;1680575552
1.09076;1.09076;0.00000;2023.04.04 02:32;1680575555
1.09077;1.09077;0.00000;2023.04.04 02:32;1680575557
